1570 2410
98 653 339 697 METRA
385 650 607 695 HVIVS
651 647 975 692 FABVLAE
1019 643 1210 689 HAEC
1256 642 1437 688 SVNT

337 832 380 868 V.
462 836 479 866 1
508 831 558 866 ad
584 834 652 865 174
676 827 830 864 iambici
856 826 993 862 senarii

420 887 487 919 175
515 901 558 913 =
586 887 652 917 177
678 880 861 916 trochaici
887 878 1069 915 octonarii

353 956 369 962 -
394 886 487 1009 [176
514 955 555 966 =
584 939 651 970 179
676 933 858 969 trochaici
884 931 1086 977 septenarii

354 1011 370 1017 -
390 1012 413 1143 l
515 992 581 1023 178
606 987 818 1023 trochaicus
844 984 1104 1030 quaternarius
1130 982 1371 1018 catalecticus

356 1064 370 1070 -
422 1046 488 1078 180
515 1042 565 1077 ad
590 1045 657 1076 186
683 1039 836 1075 iambici
863 1037 1045 1074 octonarii

422 1099 487 1130 187
513 1093 725 1130 trochaicus
751 1091 982 1137 septenarius

356 1171 373 1177 -
422 1152 488 1183 188
515 1148 564 1183 ad
590 1151 656 1182 241
684 1145 836 1180 iambici
863 1143 1045 1179 octonarii

356 1221 371 1229 -
421 1204 488 1235 242
515 1200 564 1235 ad
590 1203 657 1234 ‘256
684 1197 866 1234 trochaici
892 1195 1094 1242 septenarii

356 1275 373 1282 -
420 1258 488 1289 257
515 1253 564 1288 ad.
589 1255 657 1286 264
683 1251 836 1286 iambici
862 1248 1045 1286 octonarii

357 1329 374 1335 -
422 1311 490 1342 265
517 1306 565 1341 ad
591 1309 657 1339 311
684 1303 838 1339 iambici
863 1302 1001 1338 senarii

357 1382 374 1388 -
422 1364 489 1394 312
517 1360 565 1394 ad
591 1361 658 1392 339
685 1355 867 1391 trochaici
893 1354 1097 1400 septenarii

358 1434 374 1441 -
423 1416 490 1447 340
517 1412 566 1447 ad
592 1414 659 1446 380
685 1409 839 1444 iambici
864 1407 1002 1443 senarii

357 1487 375 1493 -
423 1470 489 1501 381
518 1465 567 1500 ad
593 1467 659 1498 397
686 1461 868 1498 trochaici
894 1459 1096 1506 septenarii

358 1539 375 1546 -
423 1523 492 1553 398
519 1518 568 1553 ad
594 1520 663 1551 404
688 1514 842 1551 iambici
868 1512 1050 1549 octonarii

358 1592 375 1599 -
422 1575 491 1606 405
518 1571 567 1606 ad
592 1574 656 1604 561
686 1567 840 1603 iambici
865 1566 1004 1602 senarii

423 1628 490 1659 562
517 1626 555 1659 et
580 1628 647 1658 563
675 1640 718 1651 =
745 1625 813 1656 568
840 1622 878 1656 et
904 1623 971 1654 569
997 1617 1179 1654 trochaici
1206 1616 1383 1653 octonarii

423 1681 493 1712 564
519 1695 561 1706 =
588 1680 656 1710 570
681 1673 864 1710 trochaici
889 1671 1091 1717 septenarii

424 1734 493 1766 565
519 1748 563 1760 =
589 1733 655 1764 571
682 1726 836 1763 iambici
862 1724 1044 1761 octonarii

521 1786 588 1818 566
613 1780 796 1817 iambicus
823 1777 1082 1823 quaternarius

426 1839 494 1871 567
521 1853 565 1865 =
592 1838 659 1869 572
687 1831 868 1868 trochaici
894 1829 1076 1866 octonarii

427 1892 494 1923 573
520 1887 731 1922 trochaicus
758 1884 990 1930 septenarius

427 1944 497 1975 574
521 1939 731 1974 trochaicus
758 1936 970 1973 octonarius

427 1998 494 2029 575
521 1992 732 2028 trochaicus
760 1989 993 2036 septenarius

427 2050 494 2081 576
521 2046 571 2080 ad
596 2048 663 2079 578
689 2043 843 2079 iambici
870 2041 1052 2077 octonarii

427 2103 494 2134 579
521 2097 731 2133 trochaicus
758 2095 991 2141 septenarius

428 2156 496 2187 580
522 2151 571 2186 ad
597 2153 664 2184 582
690 2147 872 2184 trochaici
899 2146 1082 2182 octonarii

428 2209 496 2239 583
522 2206 560 2239 et
586 2206 654 2238 584
680 2201 862 2238 trochaici
889 2199 1091 2246 septenarii

428 2261 496 2292 585
523 2257 572 2292 ad
598 2259 665 2290 589
691 2253 845 2290 iambici
871 2252 1054 2288 octonarii

523 2313 591 2344 590
616 2308 798 2343 iambicus
825 2305 1084 2351 quaternarius
