1554 2375
144 0 256 52 Vm‘i
279 15 316 52 C.
337 15 546 51 SVETONI
572 14 869 57 TRANQVILLI
895 14 1010 50 VITA
1034 14 1063 50 P
1093 13 1305 50 TERENTI
1326 13 1439 49 AFRI

144 127 363 166 triclinium
396 127 539 166 dixisse
570 140 649 166 non
682 140 796 176 saepe
828 127 870 164 in
902 126 1103 165 scribendo
1134 126 1263 177 magis
1294 125 1370 164 sibi
1400 137 1485 164 suc-

145 187 320 226 cessisse:
366 187 504 225 deinde
542 188 726 237 rogatum
765 187 813 224 ut
850 186 998 235 scripta
1034 186 1105 223 illa
1142 185 1353 235 proferret,
1395 196 1483 234 pro·

145 246 348 284 nuntiasse
380 258 519 284 uersus
551 246 622 295 qui
653 246 749 283 sunt
779 245 821 282 in
855 245 1042 283 Heauton
1073 245 1354 283 timorumeno:
1393 254 1397 255 ⁷

206 328 311 367 Satis
338 328 405 378 pol
429 329 617 377 proterue
643 341 704 366 me
733 327 823 377 Syri
849 327 1044 376 promissa
1069 326 1146 365 huc
1172 326 1425 365 induxerunt.

148 411 290 449 Santra
322 410 552 449 Terentium
591 410 809 460 existimat,
848 410 881 447 si
918 409 1033 448 modo
1066 409 1108 447 in
1140 409 1341 448 scribendo
1373 408 1485 447 adiu·

145 469 299 508 toribus
324 469 553 520 indiguerit,
579 482 658 508 non
683 471 767 507 tam
789 469 970 518 Scipione
996 470 1036 506 et
1054 468 1190 506 Laelio
1216 468 1278 506 uti
1297 467 1486 518 potuisse,

147 529 216 578 qui
253 530 349 567 tunc
387 528 673 567 adulescentuli
709 528 876 578 fuerint,
921 540 1041 577 quam
1080 526 1118 565 O.
1148 527 1323 576 Sulpicio
1359 526 1485 577 Gallo,

145 588 303 626 homine
334 588 467 638 docto,
507 600 585 637 quo
617 587 778 625 consule
810 584 1158 636 <Megalens>ibus
1190 586 1294 624 ludis
1326 585 1486 624 initium

146 647 374 685 fabularum
417 646 637 684 dandarum
679 645 834 695 fecerit,
877 646 943 683 uel
988 645 1028 690 Q.
1061 645 1184 683 Fabio
1221 645 1403 684 Labeone
1447 646 1488 683 et

146 706 197 743 M.
223 705 406 755 Popillio,
439 705 638 744 consulari
669 707 841 755 utroque
874 717 920 742 ac
951 705 1080 753 poeta.
1126 704 1214 742 ideo
1245 704 1377 753 ipsum
1408 717 1486 742 non

147 765 311 803 iuuenes
356 765 562 815 designare
607 764 675 814 qui
721 775 760 802 se
799 763 990 801 adiuuare
1029 763 1229 813 dicantur,
1275 763 1342 801 sed
1378 763 1486 801 uiros

148 837 318 874 quorum
364 836 524 873 operam
569 824 609 861 et
651 823 693 860 in
736 823 838 861 bello
884 823 923 860 et
965 822 1007 859 in
1051 821 1132 859 otio
1172 823 1212 859 et
1248 821 1290 859 in
1325 822 1485 872 negotio

146 883 319 933 populus
366 883 418 921 sit
461 884 656 932 expertus.
724 883 816 931 post
861 881 987 919 editas
1030 880 1268 929 comoedias,
1312 881 1487 919 nondum

149 943 335 992 quintum
366 943 488 991 atque
518 941 753 979 uicesimum
785 940 985 991 ingressus
1017 952 1177 989 annum,
1209 951 1329 978 causa
1353 940 1486 978 uitan-

148 1002 219 1040 dae
257 1001 454 1050 opinionis
492 1013 572 1050 qua
609 999 823 1038 uidebatur
857 999 987 1037 aliena
1025 1012 1096 1048 pro
1135 998 1217 1036 suis
1249 999 1379 1049 edere,
1417 1011 1487 1038 seu

147 1060 389 1110 percipiendi
410 1059 652 1098 Graecorum
676 1059 864 1096 instituta
882 1070 1088 1108 moresque
1109 1070 1208 1108 quos
1227 1070 1306 1096 non
1324 1057 1486 1108 perinde

148 1119 384 1169 exprimeret
419 1119 460 1156 in
498 1118 671 1169 scriptis,
710 1130 889 1168 egressus
926 1117 1022 1155 urbe
1060 1118 1120 1155 est
1156 1130 1284 1167 neque
1315 1116 1487 1166 amplius

147 1179 274 1217 rediit.
331 1178 377 1216 de
409 1179 534 1216 morte
568 1177 652 1216 eius
683 1177 892 1215 Volcatius
924 1177 978 1214 sic
1009 1175 1148 1221 tradit:

267 1260 343 1309 Sed
373 1262 421 1311 ut
451 1260 548 1303 Afer
574 1260 725 1309 populo
758 1272 824 1298 sex
856 1259 965 1298 dedit
995 1258 1235 1310 comoedias,

266 1320 343 1358 iter
372 1319 464 1358 hinc
494 1320 536 1358 in
567 1319 705 1357 Asiam
736 1319 840 1357 fecit.
869 1320 938 1365 ,ut
968 1330 1112 1356 nauem
1144 1318 1264 1357 semel

266 1379 508 1429 conscendit,
539 1378 652 1417 uisus
683 1390 902 1428 numquam
936 1379 1011 1416 est:
1045 1377 1099 1415 sic
1129 1377 1217 1422 uita
1248 1379 1378 1417 uacat.

150 1462 192 1508 Q.
220 1461 434 1501 Cosconius
471 1461 701 1500 redeuntem
741 1475 761 1499 e
794 1461 960 1500 Graecia
996 1460 1144 1510 perisse
1182 1461 1223 1499 in
1260 1461 1361 1499 mari
1391 1461 1489 1499 dicit

148 1535 238 1559 cum
274 1521 421 1559 fabulis
459 1520 659 1559 conuersis
691 1533 714 1558 a
746 1520 981 1558 Menandro:
1019 1520 1139 1558 ceteri
1170 1521 1373 1558 mortuum
1404 1532 1487 1559 esse

148 1581 190 1618 in
225 1580 398 1618 Arcadia
437 1580 521 1618 siue
557 1579 780 1617 Leucadiae
817 1579 1002 1629 tradunt,
1048 1577 1114 1617 Cn.
1148 1578 1328 1618 Cornelio
1366 1579 1487 1618 Dola-

148 1639 252 1678 bella
288 1639 338 1677 M.
368 1639 512 1677 Fuluio
550 1639 754 1677 Nobiliore
793 1638 1039 1686 consulibus,
1077 1637 1211 1676 morbo
1249 1637 1489 1687 implicitum

149 1712 195 1737 ex
232 1698 364 1737 dolore
396 1711 441 1736 ac
472 1697 604 1736 taedio
637 1698 874 1735 amissarum
907 1697 1150 1735 sarcinarum
1183 1709 1282 1747 quas
1313 1697 1355 1734 in
1385 1710 1488 1736 naue

148 1758 423 1807 praemiserat,
474 1769 519 1795 ac
569 1757 688 1794 simul
737 1756 966 1794 fabularum
1016 1768 1116 1805 quas
1161 1767 1286 1794 nouas
1329 1756 1487 1794 fecerat.

148 1817 270 1854 fuisse
316 1816 462 1854 dicitur
503 1815 692 1854 mediocri
736 1817 909 1865 statura,
954 1815 1093 1865 gracili
1137 1827 1314 1865 corpore,
1358 1815 1489 1854 colore

148 1876 270 1914 fusco.
332 1875 497 1925 reliquit
532 1875 672 1924 filiam,
713 1887 814 1924 quae
846 1876 938 1923 post
969 1873 1096 1923 equiti
1125 1873 1303 1912 Romano
1335 1874 1488 1924 nupsit:

148 1935 245 1973 item
286 1934 467 1973 hortulos
510 1946 564 1971 xx
601 1933 785 1983 iugerum
827 1933 896 1970 uia
934 1933 1067 1982 Appia
1110 1932 1159 1970 ad
1196 1933 1347 1971 Martis.
1409 1946 1488 1983 quo

147 1993 275 2044 magis
318 1993 440 2031 miror
476 1992 660 2031 Porcium
699 1991 883 2030 scribere:
929 1988 1077 2041 ‘Scipio
1114 1991 1215 2029 nihil
1252 1991 1288 2030 ei
1324 1992 1490 2042 profuit,

147 2053 247 2090 nihil
277 2051 454 2102 Laelius,
497 2051 597 2089 nihil
627 2051 789 2089 Furius:
829 2063 964 2089 eorum
998 2050 1066 2088 ille
1099 2063 1218 2099 opera
1249 2063 1297 2089 ne
1329 2051 1490 2089 domum

149 2111 309 2161 quidem
359 2111 502 2148 habuit
551 2105 873 2149 conducticiam'.
946 2110 1050 2147 hunc
1093 2109 1286 2148 Afranius
1329 2109 1489 2160 quidem

148 2170 330 2210 omnibus
362 2169 521 2208 comicis
552 2170 737 2219 praefert,
772 2169 942 2207 scribens
974 2168 1015 2206 in
1048 2167 1357 2217 Compitalibus:

343 2252 501 2292 Terenti
533 2265 611 2290 non
643 2251 888 2290 consimilem
919 2251 1026 2288 dicas
1059 2251 1295 2300 quempiam.
