<?xml version="1.0" encoding="UTF-8"?>
<!DOCTYPE html PUBLIC "-//W3C//DTD XHTML 1.0 Transitional//EN"
    "http://www.w3.org/TR/xhtml1/DTD/xhtml1-transitional.dtd">
<html xmlns="http://www.w3.org/1999/xhtml" xml:lang="en" lang="en">
 <head>
  <title>
</title>
<meta http-equiv="Content-Type" content="text/html;charset=utf-8" />
  <meta name='ocr-system' content='tesseract 3.04.00' />
  <meta name='ocr-capabilities' content='ocr_page ocr_carea ocr_par ocr_line ocrx_word'/>
</head>
<body>
  <div class='ocr_page' id='page_1' title='image "./comoediae00tereuoft_0272.png"; bbox 0 0 1590 2410; ppageno 0'>
   <div class='ocr_carea' id='block_1_1' title="bbox 149 60 229 101">
    <p class='ocr_par' dir='ltr' id='par_1_1' title="bbox 149 60 229 101">
     <span class='ocr_line' id='line_1_1' title="bbox 149 60 229 101; baseline 0 0"><span class='ocrx_word' id='word_1_1' title='bbox 149 60 229 101; x_wconf 82' lang='lat'>258</span> 
     </span>
    </p>
   </div>
   <div class='ocr_carea' id='block_1_2' title="bbox 390 157 1450 1681">
    <p class='ocr_par' dir='ltr' id='par_1_2' title="bbox 390 157 1450 1681">
     <span class='ocr_line' id='line_1_2' title="bbox 390 157 1125 204; baseline -0.004 -8"><span class='ocrx_word' id='word_1_2' title='bbox 390 162 432 197; x_wconf 92' lang='lat' dir='ltr'>V.</span> <span class='ocrx_word' id='word_1_3' title='bbox 454 165 520 196; x_wconf 85' lang='lat'>547</span> <span class='ocrx_word' id='word_1_4' title='bbox 547 161 596 195; x_wconf 84' lang='lat' dir='ltr'>ad</span> <span class='ocrx_word' id='word_1_5' title='bbox 622 165 689 195; x_wconf 98' lang='lat'>565</span> <span class='ocrx_word' id='word_1_6' title='bbox 716 160 897 195; x_wconf 74' lang='lat' dir='ltr'>trochaici</span> <span class='ocrx_word' id='word_1_7' title='bbox 923 157 1125 204; x_wconf 76' lang='lat' dir='ltr'>septenarii</span> 
     </span>
     <span class='ocr_line' id='line_1_3' title="bbox 403 210 1093 249; baseline -0.006 0"><span class='ocrx_word' id='word_1_8' title='bbox 403 237 417 241; x_wconf 95' lang='lat'><em>-</em></span> <span class='ocrx_word' id='word_1_9' title='bbox 468 218 534 249; x_wconf 84' lang='lat'>566</span> <span class='ocrx_word' id='word_1_10' title='bbox 561 214 610 248; x_wconf 90' lang='lat' dir='ltr'>ad</span> <span class='ocrx_word' id='word_1_11' title='bbox 636 217 702 248; x_wconf 87' lang='grc'>606</span> <span class='ocrx_word' id='word_1_12' title='bbox 729 211 882 248; x_wconf 79' lang='lat' dir='ltr'>iambici</span> <span class='ocrx_word' id='word_1_13' title='bbox 909 210 1093 247; x_wconf 72' lang='lat' dir='ltr'>octonarii</span> 
     </span>
     <span class='ocr_line' id='line_1_4' title="bbox 403 261 1429 301; baseline -0.006 1"><span class='ocrx_word' id='word_1_14' title='bbox 403 290 417 294; x_wconf 97' lang='lat'><em>-</em></span> <span class='ocrx_word' id='word_1_15' title='bbox 453 268 532 301; x_wconf 88' lang='grc'>’607</span> <span class='ocrx_word' id='word_1_16' title='bbox 560 268 598 301; x_wconf 91' lang='lat' dir='ltr'>et</span> <span class='ocrx_word' id='word_1_17' title='bbox 623 269 690 300; x_wconf 90' lang='lat'>609</span> <span class='ocrx_word' id='word_1_18' title='bbox 718 283 761 294; x_wconf 88' lang='lat'>=</span> <span class='ocrx_word' id='word_1_19' title='bbox 788 268 854 298; x_wconf 89' lang='lat'>613</span> <span class='ocrx_word' id='word_1_20' title='bbox 881 265 920 299; x_wconf 91' lang='lat' dir='ltr'>et</span> <span class='ocrx_word' id='word_1_21' title='bbox 946 267 1012 298; x_wconf 87' lang='lat'>615</span> <span class='ocrx_word' id='word_1_22' title='bbox 1039 262 1220 298; x_wconf 78' lang='lat' dir='ltr'>trochaici</span> <span class='ocrx_word' id='word_1_23' title='bbox 1247 261 1429 297; x_wconf 79' lang='lat' dir='ltr'>octonarii</span> 
     </span>
     <span class='ocr_line' id='line_1_5' title="bbox 403 313 1450 360; baseline -0.005 -6"><span class='ocrx_word' id='word_1_24' title='bbox 403 341 418 346; x_wconf 97' lang='lat'>-</span> <span class='ocrx_word' id='word_1_25' title='bbox 468 324 535 354; x_wconf 90' lang='grc'>608</span> <span class='ocrx_word' id='word_1_26' title='bbox 561 320 600 354; x_wconf 89' lang='lat' dir='ltr'>et</span> <span class='ocrx_word' id='word_1_27' title='bbox 625 322 692 353; x_wconf 91' lang='grc'><strong>610</strong></span> <span class='ocrx_word' id='word_1_28' title='bbox 720 336 762 346; x_wconf 92' lang='lat'><strong><em>=</em></strong></span> <span class='ocrx_word' id='word_1_29' title='bbox 790 321 858 351; x_wconf 87' lang='lat'>614</span> <span class='ocrx_word' id='word_1_30' title='bbox 885 318 923 351; x_wconf 92' lang='lat' dir='ltr'>et</span> <span class='ocrx_word' id='word_1_31' title='bbox 948 319 1015 350; x_wconf 90' lang='grc'>616</span> <span class='ocrx_word' id='word_1_32' title='bbox 1041 314 1223 351; x_wconf 80' lang='lat' dir='ltr'>trochaici</span> <span class='ocrx_word' id='word_1_33' title='bbox 1251 313 1450 360; x_wconf 80' lang='lat' dir='ltr'>septenarii</span> 
     </span>
     <span class='ocr_line' id='line_1_6' title="bbox 404 368 1079 407; baseline -0.007 0"><span class='ocrx_word' id='word_1_34' title='bbox 404 394 418 398; x_wconf 98' lang='lat'>-</span> <span class='ocrx_word' id='word_1_35' title='bbox 468 376 533 407; x_wconf 88' lang='lat'>611</span> <span class='ocrx_word' id='word_1_36' title='bbox 559 390 599 400; x_wconf 88' lang='lat'>=</span> <span class='ocrx_word' id='word_1_37' title='bbox 622 374 688 406; x_wconf 90' lang='lat'>617</span> <span class='ocrx_word' id='word_1_38' title='bbox 714 369 868 405; x_wconf 82' lang='lat' dir='ltr'>iambici</span> <span class='ocrx_word' id='word_1_39' title='bbox 895 368 1079 404; x_wconf 82' lang='lat' dir='ltr'>octonarii</span> 
     </span>
     <span class='ocr_line' id='line_1_7' title="bbox 404 422 938 459; baseline -0.006 0"><span class='ocrx_word' id='word_1_40' title='bbox 404 447 418 451; x_wconf 99' lang='lat'>-</span> <span class='ocrx_word' id='word_1_41' title='bbox 469 429 535 459; x_wconf 86' lang='grc'>612</span> <span class='ocrx_word' id='word_1_42' title='bbox 561 422 744 458; x_wconf 73' lang='lat' dir='ltr'>iambicus</span> <span class='ocrx_word' id='word_1_43' title='bbox 771 422 938 457; x_wconf 88' lang='lat' dir='ltr'>senarius</span> 
     </span>
     <span class='ocr_line' id='line_1_8' title="bbox 405 473 1143 519; baseline -0.004 -8"><span class='ocrx_word' id='word_1_44' title='bbox 405 498 420 504; x_wconf 90' lang='lat'>-</span> <span class='ocrx_word' id='word_1_45' title='bbox 469 480 537 511; x_wconf 88' lang='grc'>618</span> <span class='ocrx_word' id='word_1_46' title='bbox 564 476 612 510; x_wconf 89' lang='lat' dir='ltr'>ad</span> <span class='ocrx_word' id='word_1_47' title='bbox 639 479 706 510; x_wconf 90' lang='grc'>620</span> <span class='ocrx_word' id='word_1_48' title='bbox 732 475 914 510; x_wconf 87' lang='lat' dir='ltr'>trochaici</span> <span class='ocrx_word' id='word_1_49' title='bbox 940 473 1143 519; x_wconf 80' lang='lat' dir='ltr'>septenarii</span> 
     </span>
     <span class='ocr_line' id='line_1_9' title="bbox 565 525 1126 571; baseline -0.005 -8"><span class='ocrx_word' id='word_1_50' title='bbox 565 532 629 563; x_wconf 83' lang='lat'>621</span> <span class='ocrx_word' id='word_1_51' title='bbox 657 527 839 562; x_wconf 89' lang='lat' dir='ltr'>iambicus</span> <span class='ocrx_word' id='word_1_52' title='bbox 866 525 1126 571; x_wconf 82' lang='lat' dir='ltr'>quaternarius</span> 
     </span>
     <span class='ocr_line' id='line_1_10' title="bbox 407 579 1004 626; baseline -0.005 -9"><span class='ocrx_word' id='word_1_53' title='bbox 407 604 422 609; x_wconf 95' lang='lat'><em>-</em></span> <span class='ocrx_word' id='word_1_54' title='bbox 472 586 537 617; x_wconf 80' lang='grc'>622</span> <span class='ocrx_word' id='word_1_55' title='bbox 563 581 745 616; x_wconf 88' lang='lat' dir='ltr'>iambicus</span> <span class='ocrx_word' id='word_1_56' title='bbox 772 579 1004 626; x_wconf 82' lang='lat' dir='ltr'>septenarius</span> 
     </span>
     <span class='ocr_line' id='line_1_11' title="bbox 408 632 1048 669; baseline -0.003 0"><span class='ocrx_word' id='word_1_57' title='bbox 408 656 423 661; x_wconf 95' lang='lat'>-</span> <span class='ocrx_word' id='word_1_58' title='bbox 471 639 538 669; x_wconf 86' lang='grc'>623</span> <span class='ocrx_word' id='word_1_59' title='bbox 564 634 613 668; x_wconf 87' lang='lat' dir='ltr'>ad</span> <span class='ocrx_word' id='word_1_60' title='bbox 641 638 706 669; x_wconf 83' lang='grc'>726</span> <span class='ocrx_word' id='word_1_61' title='bbox 732 633 885 669; x_wconf 88' lang='lat' dir='ltr'>iambici</span> <span class='ocrx_word' id='word_1_62' title='bbox 911 632 1048 668; x_wconf 89' lang='lat' dir='ltr'>senarii</span> 
     </span>
     <span class='ocr_line' id='line_1_12' title="bbox 408 685 1098 722; baseline -0.004 0"><span class='ocrx_word' id='word_1_63' title='bbox 408 709 424 714; x_wconf 93' lang='lat'>—</span> <span class='ocrx_word' id='word_1_64' title='bbox 474 691 540 722; x_wconf 86' lang='grc'>727</span> <span class='ocrx_word' id='word_1_65' title='bbox 568 687 616 721; x_wconf 89' lang='lat' dir='ltr'>ad</span> <span class='ocrx_word' id='word_1_66' title='bbox 644 691 710 722; x_wconf 88' lang='lat'>730</span> <span class='ocrx_word' id='word_1_67' title='bbox 736 686 889 722; x_wconf 88' lang='lat' dir='ltr'>iambici</span> <span class='ocrx_word' id='word_1_68' title='bbox 915 685 1098 722; x_wconf 87' lang='lat' dir='ltr'>octonarii</span> 
     </span>
     <span class='ocr_line' id='line_1_13' title="bbox 569 736 1398 784; baseline -0.004 -10"><span class='ocrx_word' id='word_1_69' title='bbox 569 744 632 774; x_wconf 90' lang='lat'>731</span> <span class='ocrx_word' id='word_1_70' title='bbox 660 739 842 774; x_wconf 88' lang='lat' dir='ltr'>iambicus</span> <span class='ocrx_word' id='word_1_71' title='bbox 869 738 1128 784; x_wconf 88' lang='lat' dir='ltr'>quaternarius</span> <span class='ocrx_word' id='word_1_72' title='bbox 1155 736 1398 772; x_wconf 85' lang='lat' dir='ltr'>catalecticus</span> 
     </span>
     <span class='ocr_line' id='line_1_14' title="bbox 410 791 1117 837; baseline -0.004 -9"><span class='ocrx_word' id='word_1_73' title='bbox 410 814 423 819; x_wconf 87' lang='lat'><em>—</em></span> <span class='ocrx_word' id='word_1_74' title='bbox 474 797 540 827; x_wconf 82' lang='lat'>732</span> <span class='ocrx_word' id='word_1_75' title='bbox 567 794 615 828; x_wconf 90' lang='lat' dir='ltr'>ad</span> <span class='ocrx_word' id='word_1_76' title='bbox 644 797 709 827; x_wconf 86' lang='grc'><strong>742</strong></span> <span class='ocrx_word' id='word_1_77' title='bbox 735 792 889 827; x_wconf 88' lang='lat' dir='ltr'>iambici</span> <span class='ocrx_word' id='word_1_78' title='bbox 915 791 1117 837; x_wconf 87' lang='lat' dir='ltr'>septenarii</span> 
     </span>
     <span class='ocr_line' id='line_1_15' title="bbox 411 843 1147 889; baseline -0.003 -9"><span class='ocrx_word' id='word_1_79' title='bbox 411 867 423 872; x_wconf 96' lang='lat'><em>-</em></span> <span class='ocrx_word' id='word_1_80' title='bbox 475 849 542 880; x_wconf 85' lang='lat'>743</span> <span class='ocrx_word' id='word_1_81' title='bbox 568 846 617 881; x_wconf 92' lang='lat' dir='ltr'>ad</span> <span class='ocrx_word' id='word_1_82' title='bbox 645 850 710 881; x_wconf 86' lang='lat'>767</span> <span class='ocrx_word' id='word_1_83' title='bbox 736 844 918 881; x_wconf 89' lang='lat' dir='ltr'>trochaici</span> <span class='ocrx_word' id='word_1_84' title='bbox 944 843 1147 889; x_wconf 84' lang='lat' dir='ltr'>septenarii</span> 
     </span>
     <span class='ocr_line' id='line_1_16' title="bbox 411 896 1119 942; baseline -0.006 -8"><span class='ocrx_word' id='word_1_85' title='bbox 411 921 425 933; x_wconf 56' lang='lat' dir='ltr'><strong><em>r</em></strong></span> <span class='ocrx_word' id='word_1_86' title='bbox 477 903 543 934; x_wconf 89' lang='lat'>768</span> <span class='ocrx_word' id='word_1_87' title='bbox 569 899 617 933; x_wconf 88' lang='lat' dir='ltr'>ad</span> <span class='ocrx_word' id='word_1_88' title='bbox 646 902 711 933; x_wconf 85' lang='lat'>798</span> <span class='ocrx_word' id='word_1_89' title='bbox 737 897 890 933; x_wconf 88' lang='lat' dir='ltr'>iambici</span> <span class='ocrx_word' id='word_1_90' title='bbox 917 896 1119 942; x_wconf 88' lang='lat' dir='ltr'>septenarii</span> 
     </span>
     <span class='ocr_line' id='line_1_17' title="bbox 412 948 1148 995; baseline -0.003 -9"><span class='ocrx_word' id='word_1_91' title='bbox 412 974 426 978; x_wconf 95' lang='lat'>-</span> <span class='ocrx_word' id='word_1_92' title='bbox 477 955 542 986; x_wconf 88' lang='lat'>799</span> <span class='ocrx_word' id='word_1_93' title='bbox 569 951 617 986; x_wconf 83' lang='lat' dir='ltr'>ad</span> <span class='ocrx_word' id='word_1_94' title='bbox 644 954 711 985; x_wconf 88' lang='lat'>815</span> <span class='ocrx_word' id='word_1_95' title='bbox 737 950 919 986; x_wconf 88' lang='lat' dir='ltr'>trochaici</span> <span class='ocrx_word' id='word_1_96' title='bbox 945 948 1148 995; x_wconf 86' lang='lat' dir='ltr'>septenarii</span> 
     </span>
     <span class='ocr_line' id='line_1_18' title="bbox 412 1002 1117 1049; baseline -0.004 -10"><span class='ocrx_word' id='word_1_97' title='bbox 412 1027 425 1031; x_wconf 84' lang='lat'><em>-</em></span> <span class='ocrx_word' id='word_1_98' title='bbox 475 1008 542 1039; x_wconf 89' lang='grc'>816</span> <span class='ocrx_word' id='word_1_99' title='bbox 569 1004 617 1039; x_wconf 89' lang='lat' dir='ltr'>ad</span> <span class='ocrx_word' id='word_1_100' title='bbox 643 1007 711 1038; x_wconf 84' lang='lat'>840</span> <span class='ocrx_word' id='word_1_101' title='bbox 736 1004 888 1038; x_wconf 88' lang='lat' dir='ltr'>iambici</span> <span class='ocrx_word' id='word_1_102' title='bbox 915 1002 1117 1049; x_wconf 88' lang='lat' dir='ltr'>septenarii</span> 
     </span>
     <span class='ocr_line' id='line_1_19' title="bbox 413 1055 1112 1092; baseline -0.003 0"><span class='ocrx_word' id='word_1_103' title='bbox 413 1080 427 1084; x_wconf 98' lang='lat'><em>-</em></span> <span class='ocrx_word' id='word_1_104' title='bbox 477 1061 542 1092; x_wconf 85' lang='lat'>841</span> <span class='ocrx_word' id='word_1_105' title='bbox 565 1075 607 1086; x_wconf 86' lang='lat'>=</span> <span class='ocrx_word' id='word_1_106' title='bbox 629 1061 696 1091; x_wconf 84' lang='lat'>843</span> <span class='ocrx_word' id='word_1_107' title='bbox 722 1057 903 1092; x_wconf 86' lang='lat' dir='ltr'>trochaici</span> <span class='ocrx_word' id='word_1_108' title='bbox 929 1055 1112 1092; x_wconf 86' lang='lat' dir='ltr'>octonarii</span> 
     </span>
     <span class='ocr_line' id='line_1_20' title="bbox 414 1108 1132 1154; baseline -0.004 -9"><span class='ocrx_word' id='word_1_109' title='bbox 414 1132 426 1137; x_wconf 94' lang='lat'><em>—</em></span> <span class='ocrx_word' id='word_1_110' title='bbox 477 1113 544 1145; x_wconf 82' lang='lat'>842</span> <span class='ocrx_word' id='word_1_111' title='bbox 567 1129 607 1139; x_wconf 89' lang='lat'><strong><em>=</em></strong></span> <span class='ocrx_word' id='word_1_112' title='bbox 629 1114 697 1145; x_wconf 87' lang='lat'>844</span> <span class='ocrx_word' id='word_1_113' title='bbox 722 1110 904 1145; x_wconf 87' lang='lat' dir='ltr'>trochaici</span> <span class='ocrx_word' id='word_1_114' title='bbox 931 1108 1132 1154; x_wconf 87' lang='lat' dir='ltr'>septenarii</span> 
     </span>
     <span class='ocr_line' id='line_1_21' title="bbox 414 1163 990 1198; baseline -0.003 0"><span class='ocrx_word' id='word_1_115' title='bbox 414 1187 427 1190; x_wconf 95' lang='lat'>-</span> <span class='ocrx_word' id='word_1_116' title='bbox 477 1167 544 1198; x_wconf 82' lang='lat'>845</span> <span class='ocrx_word' id='word_1_117' title='bbox 569 1163 752 1198; x_wconf 88' lang='lat' dir='ltr'>iambicus</span> <span class='ocrx_word' id='word_1_118' title='bbox 779 1163 990 1198; x_wconf 85' lang='lat' dir='ltr'>octonarius</span> 
     </span>
     <span class='ocr_line' id='line_1_22' title="bbox 477 1215 1038 1261; baseline -0.004 -10"><span class='ocrx_word' id='word_1_119' title='bbox 477 1220 544 1251; x_wconf 84' lang='lat'>846</span> <span class='ocrx_word' id='word_1_120' title='bbox 570 1216 780 1251; x_wconf 88' lang='lat' dir='ltr'>trochaicus</span> <span class='ocrx_word' id='word_1_121' title='bbox 807 1215 1038 1261; x_wconf 86' lang='lat' dir='ltr'>septenarius</span> 
     </span>
     <span class='ocr_line' id='line_1_23' title="bbox 415 1268 1019 1326; baseline -0.004 -21.884"><span class='ocrx_word' id='word_1_122' title='bbox 415 1273 544 1326; x_wconf 47' lang='grc' dir='ltr'><strong>-Ὶ847</strong></span> <span class='ocrx_word' id='word_1_123' title='bbox 569 1269 780 1304; x_wconf 89' lang='lat' dir='ltr'>trochaicus</span> <span class='ocrx_word' id='word_1_124' title='bbox 807 1268 1019 1304; x_wconf 87' lang='lat' dir='ltr'>octonarius</span> 
     </span>
     <span class='ocr_line' id='line_1_24' title="bbox 416 1319 1138 1366; baseline -0.008 -8"><span class='ocrx_word' id='word_1_125' title='bbox 416 1346 429 1349; x_wconf 90' lang='lat'>—</span> <span class='ocrx_word' id='word_1_126' title='bbox 479 1326 545 1358; x_wconf 83' lang='grc'>848</span> <span class='ocrx_word' id='word_1_127' title='bbox 572 1325 610 1358; x_wconf 88' lang='lat' dir='ltr'>et</span> <span class='ocrx_word' id='word_1_128' title='bbox 636 1326 702 1357; x_wconf 90' lang='lat'>849</span> <span class='ocrx_word' id='word_1_129' title='bbox 728 1321 909 1357; x_wconf 87' lang='lat' dir='ltr'>trochaici</span> <span class='ocrx_word' id='word_1_130' title='bbox 936 1319 1138 1366; x_wconf 85' lang='lat' dir='ltr'>septenarii</span> 
     </span>
     <span class='ocr_line' id='line_1_25' title="bbox 417 1372 1135 1418; baseline -0.006 -8"><span class='ocrx_word' id='word_1_131' title='bbox 417 1398 430 1403; x_wconf 81' lang='lat'>-</span> <span class='ocrx_word' id='word_1_132' title='bbox 573 1378 641 1410; x_wconf 84' lang='lat'>850</span> <span class='ocrx_word' id='word_1_133' title='bbox 666 1374 848 1410; x_wconf 86' lang='lat' dir='ltr'>iambicus</span> <span class='ocrx_word' id='word_1_134' title='bbox 875 1372 1135 1418; x_wconf 88' lang='lat' dir='ltr'>quaternarius</span> 
     </span>
     <span class='ocr_line' id='line_1_26' title="bbox 417 1418 1141 1471; baseline -0.006 -8"><span class='ocrx_word' id='word_1_135' title='bbox 417 1451 430 1456; x_wconf 91' lang='lat'><em>-</em></span> <span class='ocrx_word' id='word_1_136' title='bbox 480 1418 545 1463; x_wconf 87' lang='lat'>851</span> <span class='ocrx_word' id='word_1_137' title='bbox 573 1430 611 1463; x_wconf 87' lang='lat' dir='ltr'>et</span> <span class='ocrx_word' id='word_1_138' title='bbox 637 1432 703 1462; x_wconf 84' lang='lat'>852</span> <span class='ocrx_word' id='word_1_139' title='bbox 730 1426 911 1463; x_wconf 88' lang='lat' dir='ltr'>trochaici</span> <span class='ocrx_word' id='word_1_140' title='bbox 937 1425 1141 1471; x_wconf 88' lang='lat' dir='ltr'>septenarii</span> 
     </span>
     <span class='ocr_line' id='line_1_27' title="bbox 416 1479 995 1517; baseline -0.009 0"><span class='ocrx_word' id='word_1_141' title='bbox 416 1503 432 1509; x_wconf 93' lang='lat'>—</span> <span class='ocrx_word' id='word_1_142' title='bbox 481 1485 547 1517; x_wconf 84' lang='lat'>853</span> <span class='ocrx_word' id='word_1_143' title='bbox 574 1480 756 1516; x_wconf 89' lang='lat' dir='ltr'>iambicus</span> <span class='ocrx_word' id='word_1_144' title='bbox 784 1479 995 1514; x_wconf 88' lang='lat' dir='ltr'>octonarius</span> 
     </span>
     <span class='ocr_line' id='line_1_28' title="bbox 416 1530 1057 1570; baseline -0.008 0"><span class='ocrx_word' id='word_1_145' title='bbox 416 1557 430 1562; x_wconf 90' lang='lat'><em>—</em></span> <span class='ocrx_word' id='word_1_146' title='bbox 479 1538 548 1570; x_wconf 86' lang='lat'>854</span> <span class='ocrx_word' id='word_1_147' title='bbox 574 1534 623 1569; x_wconf 88' lang='lat' dir='ltr'>ad</span> <span class='ocrx_word' id='word_1_148' title='bbox 649 1537 715 1568; x_wconf 87' lang='lat'>858</span> <span class='ocrx_word' id='word_1_149' title='bbox 741 1531 895 1567; x_wconf 88' lang='lat' dir='ltr'>iambici</span> <span class='ocrx_word' id='word_1_150' title='bbox 920 1530 1057 1567; x_wconf 88' lang='lat' dir='ltr'>senarii</span> 
     </span>
     <span class='ocr_line' id='line_1_29' title="bbox 415 1583 1102 1623; baseline -0.007 0"><span class='ocrx_word' id='word_1_151' title='bbox 415 1609 431 1614; x_wconf 91' lang='lat'>-</span> <span class='ocrx_word' id='word_1_152' title='bbox 479 1591 546 1623; x_wconf 88' lang='lat'>859</span> <span class='ocrx_word' id='word_1_153' title='bbox 573 1587 622 1621; x_wconf 84' lang='lat' dir='ltr'>ad</span> <span class='ocrx_word' id='word_1_154' title='bbox 647 1590 714 1621; x_wconf 87' lang='grc'>868</span> <span class='ocrx_word' id='word_1_155' title='bbox 740 1585 893 1620; x_wconf 88' lang='lat' dir='ltr'>iambici</span> <span class='ocrx_word' id='word_1_156' title='bbox 919 1583 1102 1620; x_wconf 89' lang='lat' dir='ltr'>octonarii</span> 
     </span>
     <span class='ocr_line' id='line_1_30' title="bbox 417 1635 1147 1681; baseline -0.008 -5"><span class='ocrx_word' id='word_1_157' title='bbox 417 1661 432 1667; x_wconf 92' lang='lat'>-</span> <span class='ocrx_word' id='word_1_158' title='bbox 480 1644 547 1676; x_wconf 87' lang='lat'>869</span> <span class='ocrx_word' id='word_1_159' title='bbox 573 1639 622 1674; x_wconf 90' lang='lat' dir='ltr'>ad</span> <span class='ocrx_word' id='word_1_160' title='bbox 647 1642 716 1674; x_wconf 85' lang='lat'>880</span> <span class='ocrx_word' id='word_1_161' title='bbox 740 1637 922 1673; x_wconf 86' lang='lat' dir='ltr'>trochaici</span> <span class='ocrx_word' id='word_1_162' title='bbox 948 1635 1147 1681; x_wconf 86' lang='lat' dir='ltr'>septenarii</span> 
     </span>
    </p>
   </div>
  </div>
 </body>
</html>
