1559 2396
76 14 167 60 prol.
191 15 305 49 1-‘26
1330 18 1340 53 1
1354 15 1378 54 (5
1385 15 1410 54 3

525 389 964 434 PROLOGVS

75 567 309 623 Postquam
339 570 466 623 poeta
499 568 620 608 uetus
652 569 822 621 poetam
851 567 939 607 non
969 568 1112 620 potest

76 627 291 669 retrahere
322 641 346 668 a.
378 626 518 668 studio
551 629 593 667 et
625 625 842 666 transdere
871 624 1085 666 hominem
1115 625 1160 666 in
1193 625 1346 679 otium,

76 684 311 728 maledictis
343 685 551 726 deterre're
581 699 633 725 ne
666 684 824 725 scribait
854 687 993 738 parat:

77 745 151 799 qui
180 744 243 786 ita
274 743 462 797 dictitat,
494 758 597 797 quas
630 744 727 784 {inte
757 742 827 784 hic
856 742 957 783 fecit
987 742 1174 797 fzibulas,

77 803 196 845 tenui
227 804 318 845 esse
349 803 540 844 oratione
571 805 613 843 et
645 802 855 855 scriptura
886 801 986 842 leui:
1395 812 1414 842 5

78 862 178 916 quia
207 865 419 916 nusquam
449 861 646 902 insanum
677 859 848 914 scripsit
879 859 1239 901 adulescentulum

77 921 244 962 ceruam
276 920 418 961 uidere
448 920 594 974 fflgere
625 922 667 961 et
699 917 854 960 sectari
882 933 1004 959 canes

77 983 120 1020 et
151 981 243 1021 ezim
275 979 460 1034 plorare,
491 979 611 1019 ordre
642 980 690 1019 ut
723 977 948 1018 subuenizit
980 977 1073 1018 sibi.

78 1038 191 1092 quod
222 1038 259 1079 si
289 1036 573 1092 intellegeret,
605 1038 734 1090 quom
765 1036 886 1077 stetit
918 1034 1018 1077 olim
1050 1050 1180 1091 noua,

78 1097 234 1138 actoris
267 1110 394 1151 opera
424 1095 560 1151 megis
593 1095 763 1136 stetisse
795 1095 921 1148 quzim
953 1109 1046 1149 sua,
1374 1107 1412 1136 10

76 1156 217 1197 minus
248 1155 386 1197 multo
419 1155 632 1208 audacter,
663 1155 791 1208 quzim
819 1167 932 1194 nunc
962 1153 1108 1207 laedit,
1138 1153 1331 1194 laederet.

76 1228 189 1256 nunc
219 1212 354 1269 siquis
386 1216 469 1269 est,
500 1213 573 1268 qui
603 1212 684 1254 hoc
714 1211 826 1253 dicat
856 1215 930 1253 aut
962 1212 1022 1253 sic
1052 1212 1226 1267 cogitet:

78 1273 218 1315 ‘uetus
250 1271 290 1314 si
317 1275 444 1327 po'eta
473 1273 560 1313 n6n
591 1271 828 1312 lacessisset
859 1271 994 1325 prior,

77 1331 243 1373 nullum
274 1330 466 1372 inuenire
497 1331 722 1385 prologum
753 1331 899 1384 posset
928 1328 1104 1370 nouosz'
1374 1340 1412 1370 14

77 1391 115 1432 is
147 1389 232 1432 sibi
262 1404 513 1444 responsum
544 1389 625 1430 hoc
653 1389 827 1442 habeat,
857 1389 902 1429 in
932 1388 1068 1429 medio
1101 1387 1297 1429 omnibus
1375 1400 1414 1430 16

78 1449 263 1504 palmam
294 1450 384 1490 esse
416 1449 618 1503 positam,
649 1447 722 1502 qui
754 1448 886 1488 §.rt-em
918 1450 1103 1487 tractant
1133 1447 1346 1488 musicam.

78 1508 151 1550 ille
180 1507 234 1550 aid
262 1507 416 1549 famem
446 1507 558 1547 hunc
589 1522 613 1548 a
643 1506 784 1547 studio
816 1505 980 1546 studuit
1010 1507 1180 1546 reicere:

77 1567 148 1608 hic
177 1566 430 1621 respondere
461 1565 617 1620 uoluit,
647 1579 735 1606 non
764 1564 977 1606 lacessere.

79 1624 310 1667 benedictis
342 1625 379 1665 si
410 1625 630 1678 certesset,
661 1623 846 1664 audisset
877 1623 998 1664 bene:
1371 1635 1413 1664 ⁵30

81 1684 194 1739 quod
224 1683 277 1725 ab
310 1683 384 1725 sslo
417 1683 665 1737 adlatumst,
695 1681 738 1723 id
770 1682 852 1722 sibi
882 1681 1079 1722 rellatiim
1109 1683 1240 1736 putet.

79 1743 130 1784 de
159 1742 234 1784 1116
267 1742 352 1783 iam
381 1742 508 1783 finem
539 1742 576 1782 ff
595 1741 616 1767 ·’
719 1739 891 1781 dicundi
919 1740 1041 1795 mihi,

80 1794 276 1856 peccandi
309 1815 436 1855 quom
467 1801 558 1855 ipse
588 1800 638 1840 de
664 1814 707 1841 se
738 1799 863 1840 finem
888 1800 975 1840 non
1005 1798 1134 1839 facit?

79 1874 191 1901 nunc
222 1859 324 1914 quid
355 1860 483 1900 uelim
514 1859 701 1900 animum
733 1858 948 1899 attendite.
1004 1857 1182 1911 adporto
1214 1871 1368 1899 nouam

80 1917 466 1973 Epidicazomenon
497 1919 624 1972 quzim
654 1920 809 1958 uocant
840 1916 1098 1958 comoediam
1372 1927 1415 1958 225

82 1975 248 2033 Graeci,
277 1976 429 2018 Latine
458 1977 524 2018 hic
552 1975 853 2018 Phormionem
882 1975 1094 2030 nominat,

174 2103 284 2137 quem
310 2092 451 2127 diceret
475 2091 547 2126 nisi
573 2091 730 2126 haberet
755 2091 813 2125 cui
838 2089 935 2124 male
962 2090 1103 2125 diceret
1373 2093 1417 2124 15

174 2202 196 2232 4
210 2200 297 2233 ante
310 2197 387 2245 hie]
402 2197 561 2233 antehae
576 2199 690 2242 (ante)
709 2199 721 2242 11
742 2200 785 2230 14
797 2195 982 2242 potuisset
999 2198 1011 2241 11
1031 2200 1071 2230 ‘21
1087 2204 1361 2231 IDSIBIESSERJ
1366 2205 1387 2229 L
1393 2205 1414 2229 x

81 2244 255 2288 'romsibi
281 2255 360 2280 esse
386 2244 425 2279 id
450 2244 623 2289 relatum)
642 2249 653 2286 11
672 2247 716 2278 ‘26
742 2243 851 2278 latini
874 2243 1129 2288 phormionem
1154 2241 1344 2277 nominant
1366 2245 1377 2284 1

1066 2301 1135 2335 11*
