1570 2390
140 780 382 823 METRA
429 777 649 822 HVIVS
694 778 1024 820 FABVLAE
1069 775 1259 821 HAEC
1304 775 1476 821 SVNT

383 953 426 989 V.
508 957 526 987 1
554 953 603 987 ad
630 956 699 987 174
722 951 875 988 iambici
900 951 1038 987 senarii

395 1027 409 1032 -
460 1010 527 1040 175
548 1023 592 1035 =
613 1010 680 1040 180
705 1005 859 1041 iambici
885 1005 1066 1040 octonarii

436 1008 449 1101 i
555 1063 621 1093 176
647 1058 829 1094 iambicus
856 1058 1114 1103 quaternarius

395 1134 410 1139 -
430 1102 443 1137 J
461 1117 527 1148 177
550 1130 592 1141 =
615 1116 680 1146 181
708 1111 862 1147 iambici
888 1111 1070 1146 octonarii

395 1187 409 1193 -
435 1140 529 1229 ι1178
551 1183 594 1194 --
616 1168 682 1199 182
708 1163 891 1199 trochaici
917 1163 1119 1210 septenarii

395 1240 410 1246 -
437 1222 528 1265 &179
551 1236 594 1247 =
615 1221 682 1252 183
708 1217 862 1252 iambici
889 1217 1071 1252 octonarii

395 1293 411 1299 -
460 1275 528 1306 184
553 1270 602 1306 ad
629 1274 694 1305 195
720 1270 874 1305 iambici
900 1270 1081 1306 octonarii

395 1346 411 1353 -
461 1329 527 1360 196
554 1324 604 1359 ad
630 1326 695 1358 198
722 1323 875 1358 iambici
900 1323 1037 1358 senarii

395 1399 411 1406 -
461 1381 528 1412 199
555 1377 604 1411 ad
629 1380 698 1411 214
722 1375 875 1411 iambici
901 1375 1082 1412 octonarii

395 1452 412 1459 -
462 1434 528 1465 215
555 1430 604 1464 ad
629 1433 699 1464 224
724 1429 877 1464 iambici
902 1428 1039 1465 senarii

395 1505 412 1511 -
461 1487 529 1518 225
556 1483 605 1518 ad
630 1486 697 1517 227
724 1482 878 1518 iambici
904 1482 1085 1518 octonarii

397 1558 413 1564 -
461 1539 529 1570 228
556 1536 604 1571 ad
629 1539 698 1569 233
723 1535 905 1570 trochaici
930 1534 1132 1581 septenarii

395 1610 412 1617 -
460 1592 530 1623 234
555 1591 593 1624 et
618 1592 686 1622 235
712 1588 866 1623 iambici
891 1587 1074 1623 octonarii

396 1663 411 1670 -
438 1643 451 1678 f
461 1646 529 1677 236
550 1660 593 1672 =
614 1646 680 1676 241
707 1641 889 1676 trochaici
914 1640 1114 1686 septenarii

396 1717 412 1724 -
556 1699 623 1729 237
649 1694 832 1729 iambicus
858 1694 1025 1729 senarius

396 1770 412 1777 -
461 1751 529 1783 238
556 1750 595 1783 et
620 1751 687 1782 239
709 1765 754 1778 ==
774 1751 842 1782 242
868 1749 906 1782 et
931 1751 999 1782 243
1026 1746 1179 1782 iambici
1205 1746 1386 1782 octonarii

556 1805 624 1836 240
647 1819 687 1829 =
710 1804 779 1835 244
804 1800 957 1835 iambici
983 1798 1213 1845 quaternarii

396 1876 412 1882 -
462 1858 530 1889 245
553 1872 596 1884 =
616 1858 683 1888 247
710 1853 893 1888 trochaici
919 1851 1102 1888 octonarii

396 1928 412 1934 -
437 1926 444 1956 μ
557 1910 624 1942 246
649 1906 861 1941 trochaicus
883 1905 1143 1950 quaternarius
1169 1906 1411 1940 catalecticus

397 1981 412 1986 -
431 1959 445 1994 ’ὶ
462 1963 530 1995 248
556 1959 605 1994 ad
630 1963 696 1994 251
723 1958 906 1994 trochaici
932 1956 1134 2003 septenarii

555 2016 622 2047 252
648 2011 831 2047 iambicus
858 2010 1117 2056 quaternarius

461 2069 528 2101 253
555 2065 604 2100 ad
630 2068 697 2099 256
723 2063 877 2099 iambici
903 2062 1085 2099 octonarii

554 2121 621 2152 257
648 2116 831 2152 iambicus
857 2116 1023 2151 senarius

461 2175 528 2206 258
555 2171 605 2206 ad
631 2174 698 2205 260
724 2168 904 2204 trochaici
930 2170 1132 2214 septenarii

461 2228 526 2259 261
554 2224 603 2259 ad
628 2227 696 2258 266
722 2221 876 2257 iambici
902 2221 1083 2257 octonarii

396 2298 410 2302 -
461 2280 527 2311 267
555 2276 603 2311 ad
629 2279 696 2310 269
723 2274 876 2310 iambici
902 2274 1083 2310 octonarii
