1539 2396
1368 71 1450 113 103

353 161 391 198 V.
424 166 491 198 591
518 163 568 199 ad
593 169 661 201 618
686 167 868 203 trochaici
894 171 1098 215 septenarii

362 234 378 242 -
427 218 495 250 614
520 217 569 252 ad
596 221 663 253 622
689 219 843 256 iambici
869 223 1051 258 octonarii

361 286 377 294 -
426 271 494 303 623
520 270 569 304 ad
595 274 661 306 667
689 272 868 308 trochaici
895 276 1097 320 septenarii

361 340 377 346 -
426 324 494 356 668
520 322 570 357 ad
596 326 663 358 678
689 324 843 360 iambici
869 328 1052 363 octonarii

360 392 376 400 ·
426 377 493 408 679
519 375 568 410 ad
595 379 661 411 707
688 377 839 414 iambici
866 381 1068 425 septenarii

360 444 377 452 ·
428 430 494 462 708
520 427 702 465 iambicus
729 432 898 468 senarius

358 499 376 505 -
425 483 492 514 709
518 481 566 515 ad
594 486 660 517 722
687 484 868 520 trochaici
895 486 1098 531 septenarii

357 551 374 558 -
424 536 490 568 723
517 534 566 568 ad
594 539 660 570 748
687 536 839 573 iambici
865 539 1067 583 septenarii

359 604 374 611 -
424 589 490 621 749
516 587 565 621 ad
591 590 659 622 873
686 589 838 626 iambici
864 592 1001 626 senarii

356 656 373 664 -
421 640 490 673 874
515 639 564 674 ad
590 643 656 675 907
684 642 864 678 trochaici
891 646 1094 690 septenarii

357 710 373 716 ·
422 693 490 725 908
516 691 565 726 ad
592 696 659 728 939
685 694 838 730 iambici
865 697 1001 732 senarii

356 762 372 768 -
421 747 489 778 940
515 744 564 780 ad
590 749 656 781 977
684 747 863 782 trochaici
891 751 1093 794 septenarii

355 815 371 821 —
420 799 488 831 978
513 797 563 832 ad
588 802 656 834 999
682 799 833 836 iambici
860 803 1042 837 octonarii

355 868 370 874 -
397 853 488 884 1000
514 851 562 886 ad
590 855 680 887 1002
706 852 858 889 iambici
884 856 1086 900 septenarii

356 922 372 928 -
397 906 487 937 1003
513 903 695 940 iambicus
722 907 934 942 octonarius

515 960 606 992 1004
631 957 812 994 iambicus
839 962 1098 1004 quaternarius

355 1028 370 1034 -
395 1012 485 1043 1005
511 1010 560 1044 ad
587 1015 676 1046 1012
702 1011 854 1048 iambici
882 1015 1063 1050 octonarii

354 1080 368 1084 -
395 1064 486 1095 1013
511 1062 560 1096 ad
588 1066 677 1098 1067
702 1065 883 1100 trochaici
909 1067 1122 1111 septenarii.
