1590 2410
168 41 254 81 278
714 40 968 76 ADELPHOE
1250 41 1302 76 ΙΙΙ
1321 45 1355 84 3,
1376 45 1513 76 14—44

169 148 292 204 mihi,
324 148 397 203 qui
428 146 472 189 1'd
503 148 712 190 dedissem
745 147 988 202 consilium,
1020 148 1108 202 egit
1139 148 1313 203 gratias.

116 219 148 245 15
168 205 258 248 DE.
297 206 564 261 Disrumpor.
619 205 699 248 SY.
738 206 978 261 Argentum
1011 207 1307 248 adnumerauit
1337 205 1476 263 ssjco,

168 264 283 307 dedit
314 268 532 320 praeterea
562 266 608 306 in
639 268 859 319 sumptum
892 264 1115 306 dimidium
1145 266 1301 307 minae:
1446 277 1514 308 370

169 324 211 365 id
241 323 521 365 distributum
554 325 697 365 sanest
729 339 780 365 ex
813 324 1033 365 sententia.
1090 323 1180 365 DE.
1218 323 1302 365 Em

166 382 266 424 huic
297 383 489 437 mandes,
520 383 661 437 siquid
692 384 804 423 re'cte
835 385 1029 423 curatum
1060 383 1186 424 uelis!

169 440 250 482 SY.
288 441 426 482 Ehem
457 440 633 497 Demea,
664 441 777 482 haud
809 442 1056 495 aspexeram
1087 444 1147 495 te3
1180 440 1282 495 quid
1313 441 1484 496 agitur?

115 513 149 538 20
168 498 258 541 DE.
298 499 407 548 Quid
439 500 619 555 agatur?
670 502 861 541 uostram
892 501 1056 554 nequeo
1089 498 1240 541 mirari
1269 500 1374 541 satis
1430 516 1444 529 ⁰

167 559 388 600 rationem.
434 557 515 600 SY.
549 559 631 600 Est
661 558 801 601 hercle
833 559 995 613 inepta,
1026 573 1079 600 ne
1111 559 1247 600 dicam
1279 558 1396 614 dolo,
1445 570 1512 601 375

168 617 361 659 absurda.
423 618 551 672 piscis
585 619 747 659 ceteros
780 619 934 673 purga,
964 617 1145 672 Drom03

166 690 379 732 gongrum
409 675 543 717 istum
574 691 822 717 maxumum
852 675 898 717 1'11
930 690 1040 731 aqua
1072 676 1203 717 sinito
1234 676 1379 718 hidere

167 733 395 790 tantisper,
426 735 501 776 ubi
533 749 612 791 ego
644 735 827 790 rediero,
858 735 1146 789 exossabitur3

115 807 148 831 25
167 794 285 848 prius
316 794 427 835 nolo.
484 793 574 835 DE.
613 793 777 836 Haecin
806 793 988 848 flagitia!
1042 792 1124 835 SY.
1162 793 1398 848 Miquidem
1426 795 1514 836 non

1016 853 1203 907 placent,

167 914 208 952 et
239 911 376 953 clamo
410 926 545 966 saepe.
603 911 859 952 salsamenta
890 911 1010 966 haec,
1043 910 1294 966 Stephano,
1446 923 1514 954 380

166 970 231 1011 fac
262 972 527 1012 macerentur
559 970 714 1024 pulcre.
777 969 868 1011 DE.
907 969 962 1011 Di
994 971 1187 1012 nostram
1217 970 1363 1012 fidem!

166 1031 325 1073 utrum,
344 1029 542 1070 studione
573 1029 616 1070 id
648 1028 733 1070 sibi
763 1028 893 1070 habet
926 1043 979 1070 an
1010 1027 1129 1070 laudi
1157 1031 1282 1083 putat

167 1088 276 1142 fore,
307 1087 348 1129 si
376 1088 606 1142 perdiderit
637 1088 845 1143 gnatum?
895 1103 973 1129 uae
1004 1088 1161 1129 miser6
1194 1087 1318 1129 mihi!

114 1160 147 1184 30
167 1147 309 1188 uidere
341 1147 488 1188 uideor
519 1147 604 1188 iam
636 1147 747 1188 diem
777 1147 918 1201 illum,
951 1161 1079 1201 quom
1110 1145 1211 1187 hinc
1243 1160 1371 1201 egens

166 1205 381 1261 profligiet
413 1205 556 1260 aliquo
588 1204 836 1246 militatum.
888 1204 970 1247 SY.
1009 1204 1043 1246 Ο
1076 1204 1252 1259 Demea,
1444 1216 1513 1247 385

166 1265 277 1306 istnc
308 1267 373 1306 est
405 1279 569 1319 sapere,
599 1266 687 1305 non
719 1264 832 1319 quod
863 1266 961 1305 ante
991 1264 1117 1318 pedes
1149 1263 1321 1305 modost

165 1323 325 1377 uidere,
357 1323 430 1365 sed
461 1323 591 1365 etiam
623 1322 701 1364 ssla
732 1338 839 1377 quae
869 1322 1152 1364 futura‘sfint

165 1381 416 1436 prospicere.
448 1381 538 1423 DE.
566 1381 704 1431 Quid?
735 1382 868 1423 istaec
891 1382 977 1423 iam
1003 1396 1131 1436 penes
1156 1395 1236 1423 uos
1261 1380 1512 1436 psaltriast‘?

112 1454 146 1479 35
167 1439 248 1482 SY.
291 1441 434 1482 Ellam
478 1439 606 1482 intus.
675 1440 766 1482 DE.
811 1440 926 1496 Eho,
970 1455 1025 1482 an
1061 1440 1219 1482 domist
1255 1439 1512 1482 habiturus?

1015 1497 1097 1540 SY.
1136 1497 1291 1554 Credo,
1320 1501 1370 1540 ut
1400 1501 1466 1541 est

164 1558 385 1599 dementia.
435 1557 525 1599 DE.
559 1557 722 1600 Haecin
753 1557 865 1600 fieri!
917 1556 998 1599 SY.
1031 1557 1182 1612 Inepta
1212 1557 1367 1599 lenitas
1443 1569 1511 1600 390

164 1617 297 1671 patris
331 1618 372 1658 et
402 1617 586 1658 facilitas
618 1618 760 1671 praua.
811 1616 901 1658 DE.
934 1616 1097 1658 Fratris
1129 1618 1197 1659 me
1228 1616 1400 1671 quidem

163 1675 293 1730 pudet
324 1676 537 1730 pigetque.
602 1674 685 1718 SY.
722 1675 917 1717 Nimium
947 1675 1060 1717 inter
1090 1690 1188 1731 uos,
1218 1674 1395 1730 Demea,

164 1732 270 1789 (non
302 1734 402 1788 quia
433 1735 531 1776 ades
562 1749 761 1788 praesens
793 1733 886 1776 dico
912 1733 1012 1790 hoc)
1038 1734 1295 1789 pernimium
1321 1733 1510 1776 interest.

113 1807 144 1831 ιο
163 1795 212 1834 tu
245 1792 629 1848 quantusquantu's
660 1792 726 1835 nss
755 1793 840 1835 nisi
873 1793 1082 1848 sapientia
1112 1808 1176 1849 es,

163 1851 236 1893 ille
269 1852 493 1893 somnium.
545 1852 704 1894 sineres
736 1866 839 1894 uero
872 1852 995 1893 illum
1026 1854 1074 1893 tii
1105 1854 1227 1894 tuom
1441 1862 1509 1894 395

162 1910 298 1952 facere
335 1910 466 1952 haec?
528 1909 618 1952 DE.
660 1909 851 1953 Sinerem
888 1911 1039 1952 illum?
1089 1926 1143 1952 an
1178 1912 1267 1952 11611
1297 1925 1373 1952 sex
1403 1911 1510 1953 totis

1010 1969 1228 2011 mensibus

162 2027 281 2082 prius
316 2027 571 2083 olfecissem,
605 2029 733 2082 quam
764 2028 836 2070 ille
869 2028 1097 2082 quicquam
1128 2028 1352 2082 coeperet?

164 2084 246 2127 SY.
278 2085 559 2141 Vigilantiam
591 2089 710 2128 tuam
741 2090 790 2128 tii
822 2087 929 2128 mihi
959 2087 1136 2129 narras?
1197 2086 1289 2128 DE.
1327 2085 1397 2130 Sic
1429 2087 1508 2129 siet

259 2275 325 2306 375
353 2271 437 2306 dolo
465 2274 577 2316 atque
609 2275 620 2316 Η
652 2276 720 2307 379
746 2272 839 2306 mihi
866 2272 1018 2316 quidem
1047 2275 1060 2318 ss
