1539 2396
239 164 282 200 V.
321 169 390 200 270
416 166 465 200 ad
491 169 558 200 298
584 165 737 201 iambici
764 166 900 201 senarii

316 221 384 253 299
410 220 448 254 et
473 224 542 253 300
567 218 721 253 iambici
746 220 948 264 septenarii

322 274 388 306 301
413 288 454 300 --
476 274 544 305 305
570 271 751 306 trochaici
779 273 961 308 octonarii

323 327 390 358 302
414 342 456 353 --
477 327 545 358 306
572 323 753 358 trochaici
781 326 983 370 septenarii

322 379 389 410 303
416 378 454 412 et
478 380 548 411 304
569 395 610 406 =
633 380 699 411 307
727 379 764 411 et
789 381 857 412 308
884 377 1036 413 iambici
1062 380 1244 415 octonarii

250 447 267 455 ·
324 431 391 463 309
417 428 466 463 ad
492 432 559 463 316
585 427 738 462 iambici
765 430 947 465 octonarii

323 485 391 516 317
417 480 629 517 trochaicus
656 482 888 526 septenarius

322 537 390 569 318
415 534 599 569 iambicus
625 534 792 570 senarius

322 590 390 622 319
416 587 465 622 ad
491 591 558 622 383
584 586 765 622 trochaici
791 589 994 633 septenarii

323 643 392 674 384
417 640 466 675 ad
493 645 560 676 393
586 640 739 676 iambici
766 641 903 676 senarii

323 696 392 727 394
417 693 466 728 ad
491 697 559 728 403
585 693 738 728 iambici
765 694 948 729 octonarii

321 749 390 780 404
415 746 465 780 ad
491 750 559 781 480
585 746 737 781 iambici
764 746 902 782 senarii

323 801 388 832 481
417 800 455 833 et
480 801 547 833 482
571 817 614 828 =
634 802 703 833 483
730 801 768 834 et
793 803 862 834 484
886 799 1080 835 bacchiaci
1105 801 1333 845 quaternarii

416 855 485 886 485
511 851 695 886 iambicus
718 851 978 896 quaternarius
1005 851 1243 886 catalecticus

322 907 390 938 486
416 903 600 939 iambicus
628 904 795 939 senarius

322 961 388 992 487
417 959 455 992 et
480 961 548 992 488
573 957 727 991 iambici
754 957 937 992 octonarii

322 1013 390 1044 489
416 1009 465 1044 ad
491 1013 559 1044 496
585 1009 739 1045 iambici
766 1010 949 1044 octonarii

322 1065 389 1097 497
417 1064 455 1097 et
479 1066 549 1098 498
575 1061 729 1097 iambici
756 1062 893 1098 senarii

322 1117 391 1148 499
418 1114 467 1149 ad
494 1118 561 1149 505
587 1114 741 1150 iambici
768 1115 951 1151 octonarii

322 1171 390 1202 506
415 1167 598 1203 iambicus
625 1168 858 1213 septenarius

322 1223 390 1255 507
417 1220 466 1255 ad
493 1225 560 1256 516
586 1220 768 1256 trochaici
795 1221 997 1266 septenarii

324 1277 392 1308 517
418 1273 631 1309 trochaicus
657 1273 825 1309 binarius
851 1274 1093 1310 catalecticus

323 1329 392 1361 518
417 1326 467 1362 ad
493 1330 561 1362 523
587 1326 770 1362 trochaici
796 1328 998 1372 septenarii

324 1383 394 1415 524
418 1379 469 1415 ad
494 1383 561 1415 532
587 1379 740 1415 iambici
767 1379 905 1415 senarii

323 1436 391 1468 533
417 1433 467 1469 ad
492 1437 559 1468 536
585 1432 741 1467 iambici
767 1432 950 1468 octonarii

324 1488 392 1521 537
417 1484 602 1521 iambicus
628 1485 890 1530 quaternarius

325 1541 394 1573 538
419 1538 469 1574 ad
495 1542 564 1574 574
589 1538 744 1574 iambici
771 1538 909 1574 senarii

324 1594 391 1626 575
417 1591 468 1627 ad
493 1594 560 1626 581
587 1591 740 1626 iambici
766 1592 969 1637 septenarii

323 1647 391 1679 582
417 1644 467 1680 ad.
493 1648 558 1679 621
586 1644 740 1680 iambici
767 1645 949 1680 octonarii

324 1700 392 1731 622
419 1697 469 1732 ad
495 1701 563 1733 624
588 1697 770 1733 trochaici
796 1698 1000 1743 septenarii

326 1752 394 1784 625
420 1750 470 1785 ad
496 1753 563 1784 629
587 1767 627 1778 =
651 1753 719 1784 630
744 1750 793 1785 ad
820 1754 888 1785 634
914 1750 1042 1786 cretici
1066 1752 1296 1796 quaternarii

325 1806 394 1837 635
420 1802 470 1838 ad
495 1806 563 1837 638
587 1802 741 1838 iambici
768 1804 997 1847 quaternarii
1023 1804 1222 1839 acatalecti

326 1853 414 1890 638¹>
439 1855 624 1890 iambicus
650 1856 911 1900 quaternarius
937 1855 1178 1892 catalecticus

326 1912 394 1943 639
421 1911 460 1944 et
485 1912 553 1943 640
579 1908 761 1944 trochaici
787 1909 990 1954 septenarii

327 1965 392 1997 641
421 1963 459 1997 et
484 1965 552 1997 642
578 1961 732 1997 iambici
758 1961 941 1997 octonarii

327 2017 394 2049 643
421 2014 470 2049 ad
497 2018 564 2049 649
590 2014 772 2050 trochaici
798 2014 1001 2060 septenarii

327 2071 394 2102 650
421 2067 471 2102 ad
497 2071 565 2102 654
590 2067 743 2103 iambici
769 2067 953 2103 octonarii

327 2123 396 2155 655
421 2120 471 2155 ad
496 2123 562 2155 681
589 2120 743 2156 iambici
769 2120 906 2156 senarii

325 2175 393 2207 682
419 2174 458 2208 et
483 2175 550 2207 683
575 2172 730 2208 iambici
757 2172 939 2208 octonarii

328 2228 396 2260 684
421 2224 471 2260 ad
497 2228 564 2260 715
590 2225 743 2260 iambici
769 2225 973 2270 septenarii

251 2297 267 2305 -
323 2281 391 2312 716
415 2277 465 2313 ad
491 2280 558 2313 819
585 2277 738 2314 iambici
764 2278 902 2313 senarii

149 2342 361 2369 Terentius
381 2343 425 2368 ed.
447 2343 622 2369 Fleckeisen
671 2344 724 2369 Ed.
746 2344 786 2370 11.
1187 2340 1208 2370 4

1361 67 1416 106 49
