1570 2410
109 47 195 88 114
644 47 902 82 EVNVCHVS
1114 47 1179 92 12,
1201 48 1353 83 112-11
1374 52 1407 94 1,
1430 51 1453 83 8
1513 100 1518 104 ι

106 168 203 196 cum
234 153 373 196 msfite
404 154 489 196 isto
521 156 719 208 praesens
753 154 904 195 absens
935 157 985 195 ut
1016 154 1117 209 sies3

108 212 197 254 dies
226 213 450 267 noctisque
481 214 548 254 me
580 227 713 268 ames,
743 227 809 254 me
841 213 1067 267 desideres,

108 285 176 313 me
207 272 412 327 semnies,
442 286 510 313 me
542 273 777 327 exspectes,
808 271 857 313 de
889 286 955 312 me
986 271 1168 327 cegites,

38 351 88 376 115
108 344 175 372 me
207 332 369 385 speres,
400 344 466 371 me
498 333 540 371 te
573 330 776 385 oblectes,
807 344 970 371 mecum
1001 332 1094 371 teta
1125 331 1200 372 sis:
1385 342 1451 373 195

107 404 226 431 meus
246 391 312 431 fac
331 390 390 430 sis
410 392 627 443 postremo
648 389 827 443 animus,
853 389 1019 443 quando
1046 403 1124 444 ego
1145 392 1240 431 slim
1258 392 1369 432 tuos.
1395 414 1450 420 -—

107 447 196 489 TH.
247 447 315 489 Me
341 448 556 488 msseramz
588 448 675 488 fors
698 450 794 500 fuat
817 449 870 489 an
902 448 959 489 mi
990 447 1059 489 hic
1090 462 1266 502 paruam
1295 447 1453 491 habeat

672 507 796 547 fidem

108 568 235 619 atque
268 567 317 606 ex
350 566 529 606 aliarum
560 566 743 620 ingeniis
774 580 886 606 nunc
916 580 982 606 me
1014 566 1179 607 iudicet.

109 637 187 679 ego
219 624 311 679 pel,
343 638 449 678 quae
480 623 586 664 mihi
618 639 712 665 sum
744 624 929 679 censcia,
958 624 1040 666 hoc
1070 627 1184 666 certe
1218 625 1323 679 scio,

41 693 90 716 120
107 696 245 737 neque
278 684 344 724 me
374 682 549 724 finxisse
580 683 678 723 falsi
711 683 936 737 quicquam
967 685 1104 737 neque
1134 698 1228 725 meo
1383 695 1451 725 200

108 741 224 783 cordi
256 743 346 783 esse
380 755 634 796 quemquam
667 742 870 783 cariorem
901 741 982 783 hoc
1010 741 1227 783 Phaedria.

108 803 151 841 et
180 799 308 841 huius
342 801 548 855 quidquid
577 801 676 856 feci,
707 815 833 841 causa
863 800 1043 856 uirginis

107 858 205 901 feci:
235 874 335 900 nam
366 874 432 901 me
465 860 555 901 eius
587 861 710 913 spero
741 859 917 901 fratrem
948 859 1253 914 prepemodum

108 918 194 959 iam
224 918 480 973 repperisse,
512 918 820 959 adulescentem
853 919 956 960 adeo
986 919 1192 974 n6bilem3

42 991 89 1016 125
109 979 152 1018 et
181 977 218 1018 is
249 976 375 1018 hedie
407 979 634 1018 uenturum
667 977 717 1018 ad
749 991 815 1018 me
847 976 1071 1019 constituit
1103 977 1285 1019 domum.
1383 988 1450 1018 205

109 1036 333 1077 concedam
362 1035 463 1077 hinc
492 1036 607 1077 intro
640 1039 767 1091 atque
798 1036 1070 1092 exspectabo,
1102 1036 1201 1077 dum
1234 1036 1361 1078 uenit.

431 1218 728 1254 PHAEDRIA
846 1219 1125 1254 PARMENO

426 1280 738 1316 ADVLESCENS
904 1280 1087 1316 SERVOS

27 1363 197 1406 111PH.
247 1363 352 1421 Fac,
387 1364 449 1406 ita
480 1368 530 1406 ut
559 1365 684 1420 iussi,
721 1365 979 1406 deducantur
1009 1364 1094 1407 isti.
1154 1364 1240 1407 PA.
1271 1363 1452 1406 Faciam.

671 1423 759 1465 PH.
805 1424 862 1465 At
894 1423 1136 1479 diligenter!

108 1480 192 1523 PA.
243 1480 348 1523 Fiet.
398 1481 486 1524 PH.
525 1482 584 1524 At
615 1485 795 1524 mature!
831 1481 919 1524 PA.
945 1482 1050 1525 Fiet.
1099 1482 1186 1524 PH.
1220 1481 1344 1524 Satin
1370 1481 1452 1524 hoc

673 1542 963 1583 mandatumst
994 1542 1104 1583 tibi?
1153 1541 1238 1583 PA.
1281 1539 1352 1583 Ah

239 1599 445 1655 rogitare,
477 1601 599 1654 quasi
631 1600 801 1641 diffi'cile
833 1601 899 1642 sit.

109 1658 275 1699 iitinam
317 1661 406 1700 tam
444 1659 605 1713 aliquid
642 1659 831 1700 inuenire
873 1659 995 1701 facile
1034 1659 1193 1715 possis,
1234 1657 1454 1714 Phaedria,

704 1733 801 1759 uam
1381 1727 1450 1758 210

74 1790 91 1814 5
108 1775 190 1817 hec
221 1776 395 1830 peribit!
435 1775 523 1818 PH.
563 1763 658 1832 Ego
675 1733 859 1832 qquoque
889 1791 975 1818 una
997 1778 1138 1833 pereo,
1168 1775 1281 1831 quod
1304 1774 1455 1817 mihist

675 1850 829 1877 carius:

108 1907 162 1935 ne
192 1894 304 1935 istiic
335 1897 424 1935 tam
449 1894 596 1949 iniquo
622 1895 785 1949 patiare
811 1895 961 1936 animo.
1016 1892 1101 1936 PA.
1142 1892 1348 1935 Minume:
1380 1893 1453 1947 qui

673 1953 868 1994 effectum
899 1953 1018 1995 dabo.

240 2011 313 2053 sed
343 2012 550 2066 numquid
581 2012 696 2053 aliud
725 2011 936 2066 imperas?

108 2069 197 2112 PH.
241 2070 399 2113 Munus
429 2073 627 2112 nostrum
660 2072 811 2112 ornato
848 2070 1010 2126 uerbis,
1046 2070 1159 2125 qued
1196 2068 1376 2124 poteris,
1411 2070 1456 2110 et

673 2130 806 2172 istum
837 2130 1066 2185 aemulum,

131 2278 164 2314 ff
203 2236 272 2314 ἴῃ
297 2232 458 2324 ᾗσι-εςῆξω
482 2232 544 2267 hic
569 2232 662 2267 mihi
693 2236 704 2276 Η
760 2237 827 2267 202
854 2232 1037 2277 quidquid
1062 2232 1172 2268 huius
1201 2234 1214 2278 u
1269 2235 1338 2266 212
1363 2230 1453 2276 quin

111 2290 131 2314 ο
160 2289 202 2315 ec
222 2290 284 2314 um
