1570 2390
108 57 130 97 7
136 57 162 98 6
483 56 687 93 HAVTON
711 55 1066 92 TIMORVMENOS
1209 55 1261 92 111
1280 59 1313 102 3,
1333 59 1448 92 5—22

70 179 87 204 5
222 179 322 207 nam
347 165 479 207 istaec
511 165 681 220 quidem
715 165 1029 219 contumeliast,

105 223 323 266 hominem
366 224 548 265 amicum
586 224 770 278 recipere
808 223 860 265 ad
895 226 938 266 te
975 226 1103 278 atque
1140 222 1232 266 eius
1270 223 1448 266 amicam

672 282 917 337 subigitare.

106 341 175 383 uel
205 340 298 383 heri
328 341 374 382 in
404 341 505 382 uino
538 355 665 396 quam
691 339 954 383 inmodestus
980 340 1115 396 fuisti,
1146 339 1228 383 SY.
1260 339 1448 383 Factum.

674 397 761 441 CH.
806 401 933 453 quam
964 400 1189 441 molestus!

106 461 155 499 ut
192 458 404 513 equidem,
446 459 508 500 ita
545 473 611 500 me
650 457 695 499 ds
729 461 891 513 ament,
927 459 1079 514 metui,
1117 457 1219 513 qu1‘d
1255 458 1449 500 futurum

672 517 852 571 denique
883 519 1012 559 esset!

106 576 221 635 noui
225 589 344 636 ego
364 576 576 639 amantis:
621 576 810 617 animum
848 575 1079 617 aduortunt
1117 576 1306 631 grauiter
1343 590 1450 631 quae

671 649 758 675 non
788 635 967 676 censeas.
1382 645 1418 676 5
1406 646 1449 677 ”0

55 707 88 733 10
108 691 188 735 CL.
233 693 293 735 At
323 692 432 735 1111111
463 693 567 735 fides
600 693 711 748 apud
740 693 854 734 1111110
882 695 959 748 est,
988 693 1051 734 nil
1075 708 1143 736 me
1166 692 1293 735 istius
1318 693 1450 735 factu-

672 766 786 807 rum,
817 754 947 806 pater.

107 809 195 852 CH.
238 797 367 867 Esto,
404 813 448 852 at
486 814 598 852 certe
629 810 730 852 hinc
758 810 850 852 uo'lo
882 810 1084 852 concedas
1117 810 1261 865 aliquo
1293 811 1346 852 ab
1378 825 1450 853 ore

672 884 819 911 eorum
850 868 1169 924 aliquantisper.

106 928 243 970 multa
278 928 362 971 fert
398 927 565 970 lubido:
603 943 652 970 ea
688 928 825 970 facere
860 927 1062 983 prohibet
1093 931 1169 970 tua
1199 929 1449 983 praesentia.

110 987 161 1029 de
197 1002 265 1030 me
302 1002 380 1043 ego
417 988 527 1029 facio
568 987 869 1029 coniecturam:
912 988 1079 1028 nemost
1121 1002 1312 1029 meorum
1349 988 1450 1028 ami-

675 1059 821 1087 corum
852 1044 997 1098 hodie,

110 1108 220 1163 apud
264 1123 389 1162 quem
427 1122 674 1162 expromere
713 1107 856 1148 omnia
891 1122 985 1149 mea
1023 1106 1207 1163 occulta,
1249 1105 1453 1163 Clitipho,

59 1240 90 1263 15
110 1225 221 1280 apud
263 1225 393 1267 alium
430 1225 631 1280 prohibet
668 1166 872 1280 dilgjdneiztals}
916 1224 1026 1279 apud
1063 1223 1194 1265 alium
1230 1224 1314 1279 ipsi
1350 1177 1455 1266 10507)εὲ

110 1357 163 1384 110
204 1343 393 1399 ineptus,
434 1358 487 1385 ne
525 1283 941 1442 proteriiolfsssffdear.
1005 1342 1118 1396 quod
1158 1341 1280 1383 illum
1317 1342 1452 1384 facere

675 1415 742 1443 cre
810 1415 833 1442 0
841 1436 852 1456 ‚

112 1460 184 1502 sed
213 1462 453 1501 nostrumst
483 1460 743 1516 intellegere,
776 1462 1040 1514 utquomque
1072 1462 1199 1514 atque
1231 1459 1453 1515 ubiquom-

676 1533 756 1574 que
789 1533 896 1573 opus
929 1518 986 1559 sit
1018 1517 1207 1573 obsequi.

112 1577 192 1620 SY.
238 1576 347 1626 Quid
377 1578 458 1619 iste
489 1579 652 1619 narrat!
704 1576 783 1619 CL.
822 1577 945 1618 Perii.
996 1574 1077 1618 SY.
1117 1575 1321 1633 Clitipho,
1349 1577 1454 1619 haec

676 1650 754 1692 ego
786 1636 998 1690 praecipio
1030 1635 1142 1677 tibi?

111 1696 296 1737 hominis
334 1695 447 1751 frugi
485 1698 528 1737 et
565 1695 842 1750 temperantis
879 1694 1062 1736 fiinetu’s
1094 1694 1310 1736 officium?
1371 1693 1452 1737 CL.

676 1754 783 1796 Tace
816 1754 948 1796 sodes.
1010 1798 1013 1802 ,
1382 1764 1451 1796 580

61 1827 93 1852 zo
112 1811 192 1855 SY.
237 1812 367 1855 Recte
406 1814 523 1855 sane!
586 1811 673 1854 CH.
718 1811 842 1869 Syre,
872 1812 1003 1867 pudet
1032 1827 1111 1855 me.
1174 1809 1255 1854 SY.
1299 1810 1453 1854 Credo:

674 1886 812 1926 neque
843 1872 885 1913 id
916 1871 1088 1912 iniuria:
1121 1870 1226 1925 quin

111 1928 220 1972 mshi
239 1930 522 1972 molestumst.
583 1928 662 1972 CL.
686 1929 1088 1986 RQrdismahfflglg
1108 1964 1116 1971 .
1138 1964 1145 1971 .
1185 1927 1266 1971 SY.
1293 1928 1453 1971 Verum

677 1989 775 2030 dico
801 1989 913 2044 quod
943 1988 1124 2030 uidetur.

113 2046 193 2089 GL.
238 2046 339 2089 Non
374 2047 565 2089 accedam
604 2047 656 2089 ad
691 2047 821 2089 sslos‘?
890 2046 977 2089 CH,
1020 2046 1117 2089 Eho
1156 2060 1332 2103 quaeso,
1370 2049 1456 2088 una

677 2105 905 2149 accedundi‘
932 2106 1075 2147 uiast'?

209 2252 277 2283 570
303 2247 508 2283 amantium
533 2250 545 2292 ῃ
570 2250 639 2281 572
661 2246 750 2281 hinc
780 2246 878 2292 uolo]
904 2248 946 2281 ut
978 2245 1065 2281 hinc
1091 2248 1160 2293 (ut)
1183 2248 1197 2292 ΙΙ
1221 2249 1290 2282 574
1315 2256 1385 2292 ego
1409 2246 1456 2281 de

114 2307 172 2331 me
198 2298 210 2340 Η
234 2299 301 2330 576
327 2294 443 2340 ipsius
463 2298 475 2337 Π
