1559 2396
93 601 327 645 METRA
381 600 600 645 HVIVS
645 601 974 645 FABVLAE
1018 600 1206 646 HAEC
1251 601 1423 646 SVNT

336 809 378 845 V.
460 814 477 845 1
505 810 554 845 ad
581 814 647 845 197
673 810 826 845 iambici
851 810 987 845 senarii

347 883 362 888 -
412 866 479 898 198
505 863 553 898 ad
578 867 646 898 215
672 862 823 897 iambici
850 862 1031 898 octonarii

348 935 362 940 —
412 919 479 950 216
504 915 686 950 iambicus
713 915 878 950 senarius

347 988 362 993 -
411 971 477 1002 217
504 967 552 1002 ad
578 971 645 1002 242
672 968 852 1003 trochaici
877 968 1079 1013 septenarii

348 1040 362 1045 —
411 1023 479 1055 243
506 1020 555 1055 ad
581 1024 647 1056 273
674 1021 826 1056 iambici
852 1021 1055 1065 septenarii

349 1092 364 1098 -
414 1077 481 1107 274
506 1073 555 1108 ad
581 1076 649 1107 280
674 1073 856 1108 trochaici
881 1073 1082 1118 septenarii

411 1128 477 1159 281
500 1143 542 1155 ==
563 1129 631 1161 284
655 1126 837 1161 trochaici
863 1126 1043 1161 octonarii

349 1198 361 1204 ·
411 1182 479 1213 282
500 1180 537 1213 et
557 1182 624 1214 283
646 1197 689 1208 =
710 1182 777 1213 285
798 1180 836 1214 et
854 1182 922 1213 288
948 1177 1129 1213 trochaici
1155 1178 1356 1223 septenarii

348 1251 362 1256 -
411 1233 478 1265 289
499 1231 547 1265 ad
567 1235 631 1265 291
661 1231 839 1266 trochaici
866 1231 1048 1266 octonarii

347 1303 362 1308 —
387 1234 478 1328 '292
504 1283 716 1319 trochaicus
742 1285 974 1329 septenarius

347 1357 362 1362 -
411 1339 479 1370 293
505 1336 555 1371 ad
580 1341 649 1371 324
673 1336 826 1371 iambici
854 1337 1035 1372 octonarii

348 1409 362 1415 -
412 1392 479 1423 325
506 1391 544 1424 et
568 1394 636 1424 326
662 1389 814 1424 iambici
841 1389 1042 1435 septenarii

348 1462 361 1468 -
411 1445 478 1476 327
506 1442 554 1476 ad
580 1447 647 1477 335
674 1442 826 1477 iambici
853 1442 988 1477 senarii

347 1515 362 1520 -
411 1498 478 1529 336
506 1495 554 1529 ad
581 1499 649 1530 360
674 1495 827 1530 iambici
853 1494 1054 1540 septenarii

348 1567 363 1572 -
412 1550 478 1582 361
505 1547 553 1582 ad
579 1551 647 1583 408
672 1547 853 1583 trochaici
879 1547 1079 1592 septenarii

348 1620 362 1624 -
416 1603 485 1635 409
512 1600 561 1634 ad
586 1604 653 1635 450
680 1600 833 1635 iambici
858 1599 995 1636 senarii

347 1671 362 1676 -
411 1655 476 1686 451
505 1651 554 1686 ad
580 1656 649 1686 484
673 1652 854 1687 trochaici
879 1651 1080 1697 septenarii

348 1723 362 1728 -
411 1706 480 1738 485
506 1704 554 1738 ad
581 1708 648 1739 515
674 1704 826 1740 iambici
853 1704 989 1739 senarii

348 1777 362 1782 -
412 1760 478 1791 516
500 1759 537 1791 et
557 1761 623 1791 517
647 1775 689 1786 =
711 1762 778 1793 523
799 1760 836 1793 et
856 1762 924 1792 524
945 1757 1124 1792 trochaici
1145 1759 1327 1794 octonarii

347 1828 363 1834 -
412 1812 478 1844 518
500 1826 543 1838 =
564 1814 631 1844 525
657 1809 839 1845 trochaici
864 1810 1066 1855 septenarii

347 1881 362 1886 -
411 1865 478 1897 519
499 1864 537 1897 et
557 1866 625 1897 520
650 1881 687 1891 =
710 1866 778 1898 526
804 1867 842 1898 et
868 1867 934 1898 527
961 1863 1141 1898 trochaici
1167 1865 1349 1900 octonarii

505 1919 570 1950 521
598 1915 809 1950 trochaicus
835 1915 1093 1960 quaternarius
1121 1915 1361 1952 catalecticus

347 1986 362 1991 -
412 1971 479 2002 522
501 1985 543 1997 ==
565 1971 632 2002 528
658 1968 838 2003 trochaici
865 1968 1067 2013 septenarii

346 2039 362 2044 —
412 2024 479 2055 529
504 2020 716 2056 trochaicus
743 2021 954 2056 octonarius

345 2091 361 2096 -
412 2075 479 2107 530
505 2074 543 2107 et
569 2077 634 2107 531
663 2072 842 2107 trochaici
870 2073 1072 2118 septenarii

346 2143 362 2149 —
412 2127 478 2158 532
506 2124 554 2158 ad
581 2128 648 2159 534
674 2125 854 2160 trochaici
880 2125 1062 2160 octonarii

346 2196 362 2203 —
412 2180 478 2211 535
505 2177 554 2211 ad
581 2180 648 2211 543
674 2177 855 2212 trochaici
882 2178 1085 2222 septenarii

347 2249 362 2255 ·
411 2232 479 2263 544
505 2229 552 2264 ad
579 2234 646 2264 546
673 2230 825 2265 iambici
852 2230 1033 2266 octonarii

159 2293 362 2319 ranutius
383 2294 430 2320 ed.
449 2295 636 2321 Fleckeisen.
675 2296 728 2322 Ed.
748 2296 788 2321 11.
1176 2293 1216 2325 17
