1570 2390
129 57 185 100 70
493 55 697 92 HAVTON
723 54 1080 91 TIMORVMENOS
1128 55 1163 90 11
1175 58 1209 100 4,
1223 54 1369 91 20-111
1382 59 1414 101 1,
1427 58 1472 90 13

75 180 109 206 20
127 166 424 221 praeterquam
449 164 516 206 tui
541 164 768 206 carendum
795 163 909 218 quod
933 165 1035 205 erat.
1086 161 1168 205 SY.
1201 160 1347 205 Credo.
1390 160 1472 205 CL.

836 220 962 277 Syre,
991 221 1065 263 uix
1097 221 1272 264 suffero:
1403 232 1472 264 400
1540 219 1545 224 ”

125 281 255 324 hocin
279 297 345 324 me
371 282 575 323 miserum
599 283 687 323 nen
711 281 837 323 licere
862 282 956 323 me6
982 280 1108 322 modo
1132 280 1351 336 ingenium
1370 280 1473 322 frui!

127 339 210 383 SY.
241 340 379 382 Immo
406 344 454 381 iit
480 343 645 394 patrem
670 342 792 381 tuom
818 338 907 380 uidi
927 353 977 381 ex
997 342 1073 381 tuo
1093 338 1227 395 abitu,
1251 338 1324 381 diu
1343 339 1470 381 etiam

833 398 960 439 duras
991 397 1120 440 dabit.

127 457 203 500 BA
248 457 451 507 Quisnam
476 456 547 498 hic
567 456 812 499 adulescens
833 458 910 512 est,
935 457 1009 511 qui
1028 457 1212 498 intuitur
1228 457 1338 499 nes?
1378 455 1472 498 AN.

55 512 57 515 ’
834 515 917 571 Ah,
947 515 1083 557 retine
1114 530 1195 572 me,
1226 516 1412 558 ebsecro.

127 574 215 617 BA.
252 574 418 617 Amabo
452 574 553 629 quid
584 573 739 615 tibist?
800 573 894 616 AN.
932 573 1136 628 Disperii:
1168 575 1275 629 perii
1300 574 1472 616 misera!

836 632 923 675 BA.
968 631 1078 682 Quid
1110 633 1286 688 stupes?

77 709 109 735 25
132 692 213 735 GL.
234 691 477 747 Antiphila!
509 690 601 733 AN.
621 690 789 734 Videon
810 690 994 734 Cliniam
1014 706 1068 733 an
1084 692 1200 734 non?
1232 691 1318 733 BA.
1340 691 1471 741 Quem

131 808 210 852 CL.
244 807 384 865 Salue,
408 809 547 851 anime
572 809 643 851 mi.
693 808 787 851 AN.
820 750 1106 909 ὂΙῐῗΞῖἓᾷίηία,
1131 809 1259 851 salue.
1306 762 1474 852 CL.4N9⁷{

836 883 891 909 ua
910 883 974 910 es.

129 927 223 970 AN.
269 925 443 968 Saluom
475 927 696 969 aduenisse
728 927 901 982 gaudeo.
964 925 1044 969 CL.
1089 926 1284 970 Teneene
1315 930 1377 983 te,

129 985 374 1041 Antiphila,
404 1000 601 1027 maxume
633 987 834 1040 exoptata
865 986 1006 1027 anime
1038 986 1162 1028 meo?

130 1042 212 1086 SY.
255 1044 320 1087 Ite
356 1043 489 1086 intro:
526 1059 626 1086 nam
663 1059 741 1086 uos
778 1045 864 1086 iam
895 1044 1053 1086 dudum
1085 1045 1304 1099 exspectet
1334 1059 1472 1088 senex.

454 1251 721 1286 CHREMES
787 1251 1144 1287 MENEDEMVS

650 1312 799 1348 SENES
848 1312 947 1348 DVO

20 1407 72 1443 [Π
92 1409 109 1440 1
132 1396 219 1439 CH.
263 1396 450 1439 Luciscit
481 1397 561 1439 hoc
592 1398 686 1439 iam.
749 1399 865 1439 cesso
897 1398 1063 1451 pultare
1096 1397 1255 1445 estium
1404 1409 1474 1440 410

131 1455 279 1512 uicini,
310 1457 447 1510 primo
475 1470 526 1497 ex
556 1470 625 1497 me
655 1458 705 1497 iit
734 1455 841 1497 sciat
873 1455 954 1497 sibi
985 1455 1126 1498 fflium

131 1514 319 1556 redisse?
381 1515 463 1557 etsi
495 1516 805 1557 adulescentem
837 1515 918 1556 hoc
947 1515 1060 1557 nolle
1091 1515 1307 1571 intellego.

131 1576 280 1615 uerum
318 1587 447 1628 quom
485 1574 652 1616 uideam
689 1573 893 1616 miserum
929 1573 1042 1615 hunc
1075 1576 1165 1615 tam
1196 1574 1474 1617 excruciarier

97 1654 112 1678 5
133 1632 223 1674 eius
255 1632 394 1688 abitu,
424 1633 555 1675 celem
587 1635 676 1674 tam
707 1631 972 1687 insperatum
1003 1632 1225 1689 gaudium,

132 1705 262 1745 quom
293 1690 361 1732 illi
389 1691 536 1746 pericli
565 1690 679 1733 nihil
710 1706 761 1734 ex
792 1691 947 1733 indicie
980 1691 1090 1734 siet?
1403 1702 1473 1734 415

130 1748 243 1791 haud
274 1750 441 1792 faciam:
472 1765 572 1791 nam
605 1750 718 1805 quod
748 1751 898 1805 petero
931 1750 1132 1792 adiutabe
1165 1765 1320 1793 senem.

132 1808 236 1850 item
266 1811 315 1850 ut
345 1807 488 1850 filium
518 1824 661 1851 meum
693 1808 827 1851 amico
859 1811 987 1863 atque
1019 1808 1190 1864 aequali
1217 1823 1295 1851 suo

131 1867 254 1909 uideo
285 1866 491 1909 inseruire
524 1870 567 1910 et
599 1867 760 1909 secium
792 1882 884 1910 esse
915 1868 961 1909 in
989 1868 1194 1924 neg6tiis,

78 1949 112 1974 10
129 1939 208 1967 nos
241 1927 409 1980 queque
441 1940 562 1968 senes
595 1929 660 1968 est
691 1928 870 1981 aequom
903 1927 1075 1968 senibus
1107 1926 1296 1981 ebsequi.

130 1983 226 2026 ME.
264 1984 354 2026 Aut
379 1987 457 2040 ego
483 1985 674 2039 profecto
700 1985 874 2040 ingenio
901 1985 1072 2040 egregio
1099 1985 1151 2027 ad
1168 1985 1363 2027 miserias
1404 1996 1474 2026 420

129 2046 256 2084 nattis
290 2058 382 2084 sum
392 2079 403 2099 7
434 2047 509 2085 aut
540 2044 647 2085 illud
677 2044 894 2099 falsumst‚
926 2044 1039 2098 quod
1069 2044 1199 2100 uolgo
1231 2044 1355 2086 alidio

130 2100 230 2158 dici,
260 2102 371 2144 diem
403 2102 585 2144 adimere
617 2103 927 2157 aegritudinem
957 2102 1224 2145 heminibus.

223 2246 291 2294 40}
319 2241 451 2332 hocihie
471 2243 483 2286 ss
502 2245 569 2276 402
593 2241 673 2276 uidi
700 2252 779 2276 esse
805 2241 979 2277 habitum
996 2243 1008 2286 ss
1027 2245 1095 2276 408
1117 2240 1242 2278 animo
1267 2241 1444 2286 exoptata
1463 2242 1475 2281 1:

129 2293 190 2323 411
222 2300 382 2333 primum
