1559 2396
0 6 3 9 ·
23 0 27 8 '
50 0 68 41 f
101 0 191 52 ιη’,
210 9 326 42 ι-ιει
646 12 904 52 EVNVCHVS
1363 25 1447 68 119

442 147 712 184 CHAEREA
832 153 1108 192 PARMENO

411 208 697 246 ADVLESCEN
701 212 724 247 S
876 215 1059 253 SERVOS

216 287 304 332 CH.
356 282 516 334 Occidi!
1460 319 1495 355 11
1514 324 1535 355 3

96 361 232 402 neque
276 348 445 406 uirgost
488 367 666 407 usquam
711 358 846 411 neque
884 373 981 414 ego,
1025 361 1097 414 qui
1134 361 1252 404 illam
1289 379 1311 405 6
1347 367 1442 407 con-

191 437 195 450 .
661 419 806 468 spectu
840 417 966 458 amisi
994 433 1097 460 meo.

96 464 171 506 ubi
202 468 419 524 quaeram,
457 469 530 511 ubi
563 471 835 529 inuesffgem,
876 491 1000 530 quem
1036 481 1277 536 perconter,
1314 496 1441 537 quam

661 532 856 574 insistaim
889 535 1019 591 uiam,

93 581 281 626 incertus
326 599 430 627 sum.
487 603 571 629 una
609 589 710 631 haec
749 594 844 646 spes
888 597 968 635 est:
1009 595 1083 636 ubi
1127 597 1200 638 ubi
1244 601 1327 655 est,
1366 599 1438 641 diu

659 650 784 691 celari
815 653 902 693 non
932 656 1085 707 potest.
1369 669 1436 701 295

59 713 75 740 ε
95 714 120 741 o
150 700 300 744 fficiem
331 704 540 757 pulcram!
582 707 698 748 deleo
739 711 874 751 omm's
907 711 1057 754 dehinc
1094 728 1144 755 ex
1178 715 1317 757 animo
1349 720 1437 759 mu-

657 767 796 808 lieres:

92 817 233 860 taedet
252 821 580 865 cottidianarum
598 824 749 867 harum
769 828 1010 870 formarum.
1061 829 1145 873 PA.
1165 831 1274 875 Ecce
1293 837 1435 876 autem

655 884 855 941 zilterum,

89 936 163 988 qui
179 937 322 979 nescio
344 939 445 993 quid
458 939 508 981 de
522 943 663 983 amore
674 943 882 998 loquitur:
903 948 926 987 ὁ
947 947 1260 991 infortunatum
1274 953 1433 994 senem!

88 992 158 1035 hic
188 997 346 1052 uerost,
378 998 451 1052 qui
484 999 519 1040 si
552 1002 777 1058 occeperit,
809 1004 954 1045 ludum
985 1006 1226 1064 iocumque,
1250 1009 1317 1051 scit
1338 1012 1433 1067 scio,

88 1051 199 1094 dicet
234 1054 366 1096 fuisse
403 1056 524 1099 illum
561 1059 758 1115 {istm-um,
801 1067 950 1116 praeut
987 1064 1113 1107 huius
1152 1067 1291 1109 rabies
1324 1071 1432 1123 quae

652 1119 780 1160 dabit.
1273 1138 1340 1169 300
1361 1139 1428 1170 301

34 1190 68 1216 ιο
87 1167 176 1212 CH.
227 1170 288 1213 Vt
319 1173 442 1215 illum
473 1175 515 1216 di
547 1176 730 1231 deaeque
762 1180 925 1221 senium
963 1182 1158 1239 perdant,
1200 1185 1273 1239 qui
1304 1185 1430 1229 h6die

650 1251 716 1277 me
747 1241 984 1281 remonitus
1016 1244 1098 1296 est,

83 1302 234 1343 meque
266 1290 368 1332 {ideo
401 1292 475 1346 qui
501 1293 745 1351 restiterim,
776 1299 868 1338 tum
894 1302 1035 1340 autem
1061 1301 1133 1354 qui
1159 1300 1283 1344 fflum
1307 1302 1428 1346 flocci

648 1354 834 1397 fecerim!

83 1404 156 1446 sed
187 1419 330 1448 eccum
360 1407 676 1453 Parmen6nem.
739 1414 865 1456 salue.
926 1415 1010 1457 PA.
1052 1416 1161 1466 Quid
1197 1422 1245 1460 tu
1277 1434 1320 1462 es
1352 1422 1427 1464 tri·

646 1471 754 1512 stis?
793 1473 948 1527 quidue
980 1490 1023 1516 es
1056 1477 1236 1519 alacris?

81 1522 190 1564 unde
221 1523 289 1565 is?
330 1523 417 1567 GH.
450 1526 630 1582 Egone?
666 1531 808 1573 nescio
839 1532 996 1588 hercle,
1026 1537 1161 1589 neque
1192 1537 1302 1579 unde
1332 1553 1425 1581 eam

644 1603 780 1643 neque
812 1593 1015 1645 quorsum
1047 1608 1157 1635 eam:
1354 1609 1422 1641 305

197 1641 259 1682 ita
290 1644 487 1696 prorsum
519 1645 680 1688 oblitus
714 1651 808 1689 sum
838 1651 931 1691 mei.

26 1714 60 1741 ιε
77 1695 162 1740 ΡΑ.
195 1698 276 1748 Qui
297 1702 483 1755 quaeso?
516 1701 603 1745 CH.
624 1706 745 1747 Amo.
789 1706 872 1749 PA.
894 1708 1021 1752 Hem!
1060 1709 1147 1753 CH.
1168 1711 1305 1770 Nunc,
1323 1714 1421 1757 Pzir-

643 1779 778 1821 meno,
803 1770 846 1808 tu
865 1769 1061 1810 ostendes
1082 1773 1123 1811 te
1145 1772 1218 1826 qui
1238 1772 1305 1814 uir
1325 1774 1418 1816 sies.

77 1815 159 1857 scis
197 1818 240 1858 tc
276 1818 381 1859 mihi
420 1833 543 1874 saepe
586 1823 824 1876 pollicitum
866 1840 957 1868 esse
995 1826 1215 1886 ‘Chaerea,
1258 1832 1420 1887 aliquid

639 1896 783 1924 muem

73 1932 200 1975 modo
238 1935 351 1989 quod
389 1951 520 1978 ames:
559 1939 604 1979 in
640 1955 688 1982 ea
724 1956 768 1983 re
806 1943 1038 1986 utilitatem
1076 1961 1154 2002 ego
1186 1948 1338 1991 fficiam
1368 1953 1418 1992 ut

637 2003 867 2054 cognosc-(is
900 2005 1069 2060 meam’,

72 2063 203 2104 quom
242 2051 287 2093 in
325 2053 519 2096 cellulam
560 2057 610 2097 ad
654 2062 696 2100 te
740 2061 874 2113 paitris
918 2076 1069 2116 penum
1114 2078 1278 2108 omnem
1320 2069 1414 2109 6611-

634 2118 831 2171 gerebam
863 2120 1110 2164 clzinculum.
1344 2138 1412 2168 310

164 2239 231 2271 307
256 2236 436 2276 Parmeno
462 2243 499 2276 te
526 2243 698 2278 ostendes
717 2247 729 2288 11
