1559 2396
282 118 326 157 V.

1383 21 1466 64 159

367 123 435 156 549
460 122 500 157 et
524 124 593 156 550
612 139 656 152 ==
677 125 746 158 558
771 125 810 159 et
835 127 902 158 559
928 124 1109 160 trochaici
1135 125 1338 171 septenarii

366 176 433 209 551
460 174 499 209 et
523 177 592 209 552
613 192 656 204 =
678 179 746 210 560
772 178 811 211 et
836 180 901 211 561
929 177 1082 213 iambici
1108 179 1310 224 septenarii

461 225 550 262 560b
575 226 759 263 iambicus
785 230 1048 273 quaternarius

366 282 435 314 553
461 279 511 314 ad
537 283 604 314 556
626 298 667 310 =
690 285 757 316 562
784 282 833 316 ad
859 287 927 318 565
953 283 1105 319 iambici
1131 283 1313 320 octonarii

366 335 433 366 557
454 349 499 362 ==
519 336 588 368 566
614 333 766 369 iambici
792 337 996 380 septenarii

366 388 433 419 567
459 385 509 420 ad
534 389 599 420 591
628 386 781 422 iambici
807 389 990 424 octonarii

365 441 432 472 592
459 438 507 473 ad
534 443 602 474 614
627 439 779 474 iambici
805 442 1007 485 septenarii

367 547 434 579 616
456 563 496 574 =
519 549 585 580 621
614 546 794 580 trochaici
822 547 1025 592 septenarii

366 600 433 631 617
455 614 497 626 =
519 601 586 632 622
612 598 765 634 iambici
792 599 974 634 octonarii

365 653 432 684 618
459 653 497 685 et
522 654 590 685 619
613 669 652 680 =
676 655 743 686 623
770 654 808 687 et
834 656 903 687 624
927 652 1108 688 trochaici
1134 653 1317 689 octonarii

364 706 432 737 625
458 703 507 737 3(1
534 707 600 738 628
626 704 808 739 trochaici
834 706 1035 750 septenarii

365 759 433 790 629
459 756 508 791 ad
535 761 601 791 642
628 757 781 792 iambici
806 758 942 792 senarii

363 812 430 843 643
457 811 495 844 et
520 813 588 844 644
610 828 652 839 =
673 814 741 844 654
767 812 805 845 et
831 815 898 846 655
923 811 1104 847 trochaici
1130 811 1312 847 octonarii

363 866 431 898 645
452 881 494 892 =
517 867 584 898 656
611 863 791 898 trochaici
817 864 1019 908 septenarii

293 932 309 940 ·
364 919 431 950 646
454 934 494 945 =
516 920 582 950 657
609 916 763 951 iambici
789 917 970 952 octonarii

458 972 524 1004 647
552 971 590 1004 et
616 973 682 1004 651
708 969 863 1005 iambici
888 969 1119 1014 quaternarii

365 1026 432 1058 648
459 1023 508 1058 ad
534 1026 603 1057 650
624 1041 666 1052 =
688 1026 755 1057 659
782 1023 830 1057 ad
857 1027 922 1058 661
951 1023 1104 1058 iambici
1129 1023 1312 1059 octonarii

293 1092 309 1099 -
364 1078 431 1111 658
457 1075 640 1111 iambicus
668 1076 835 1110 senarius

292 1145 308 1152 -
364 1133 431 1164 652
458 1131 496 1164 et
522 1132 589 1163 653
612 1147 654 1157 =
675 1132 742 1162 662
770 1130 808 1163 et
835 1132 901 1163 663
927 1128 1080 1164 iambici
1106 1128 1287 1164 octonarii

292 1196 308 1204 ·
362 1186 431 1218 664
456 1182 505 1217 ad
531 1186 597 1216 667
624 1180 778 1216 iambici
805 1181 986 1216 octonarii

334 490 434 748 {615
457 509 496 520 =
519 496 587 527 620
612 492 793 528 trochaici
819 495 1000 530 octonarii

362 1239 429 1272 668
456 1235 507 1270 ad
532 1238 598 1269 702
625 1234 778 1269 iambici
803 1234 940 1269 senarii

356 1290 424 1323 703
449 1287 499 1322 ad
526 1291 593 1322 726
618 1287 800 1322 trochaici
825 1287 1027 1332 septenarii

289 1360 306 1368 ·
355 1344 421 1376 727
448 1340 497 1375 ad
523 1343 590 1375 737
616 1340 769 1375 iambici
795 1339 977 1375 octonarii

356 1396 423 1429 738
448 1393 632 1429 iambicus
657 1392 824 1428 senarius

361 1450 428 1482 739
454 1447 503 1482 ad
530 1450 596 1481 742
619 1464 661 1476 =
684 1450 751 1481 744
771 1446 819 1480 ad
840 1449 907 1480 746
927 1447 966 1480 et
986 1447 1052 1479 748
1073 1444 1254 1480 trochaici
1274 1444 1454 1481 octonarii

455 1503 522 1535 747
572 1499 783 1535 trochaicus
809 1497 1070 1543 quaternarius
1095 1497 1338 1533 catalecticus

361 1556 428 1588 743
448 1569 492 1583 =
514 1555 581 1587 749
629 1551 811 1587 trochaici
837 1550 1039 1596 septenarii

361 1609 429 1641 750
453 1605 637 1640 iambicus
663 1603 875 1639 octonarius

360 1662 426 1694 751
453 1660 492 1694 et
518 1661 584 1692 752
611 1656 791 1692 trochaici
817 1656 1019 1702 septenarii

359 1715 426 1746 753
452 1713 491 1747 et
516 1714 585 1745 754
609 1709 763 1745 iambici
789 1709 990 1755 septenarii

360 1768 427 1800 755
453 1763 503 1799 ad
529 1767 596 1798 770
620 1762 801 1798 trochaici
827 1761 1030 1807 septenarii

359 1821 424 1853 771
453 1817 502 1852 ad
529 1819 594 1852 787
620 1815 774 1851 iambici
800 1814 983 1851 octonarii

289 1891 306 1898 -
356 1873 424 1906 788
450 1870 500 1905 ad
525 1873 593 1904 816
618 1868 801 1904 trochaici
826 1867 1029 1913 septenarii

286 1944 303 1952 -
351 1927 418 1959 817
446 1923 495 1959 ad
521 1926 588 1957 942
614 1921 768 1957 iambici
793 1920 931 1956 senarii

285 1997 302 2005 -
350 1981 418 2012 943
444 1977 494 2012 ad
520 1979 587 2011 970
612 1974 795 2010 trochaici
821 1972 1024 2019 septenarii

345 2033 412 2065 971
440 2029 489 2065 ad
516 2032 605 2064 1001
632 2027 785 2063 iambici
811 2025 948 2062 senarii

284 2103 301 2111 -
321 2086 411 2118 1002
438 2083 487 2118 ad
514 2085 606 2117 1024
630 2079 783 2116 iambici
809 2078 1012 2125 septenarii

284 2156 301 2164 ·
321 2139 412 2171 1025
438 2135 488 2171 ad
514 2137 605 2170 1030
628 2132 810 2170 trochaici
835 2131 1038 2178 septenarii

286 2209 302 2216 -
322 2191 412 2224 1031
439 2188 489 2224 ad
516 2191 606 2223 1049
631 2185 785 2222 iambici
811 2185 995 2222 octonarii

284 2261 301 2269 -
321 2245 413 2277 1050
437 2240 487 2276 ad
513 2244 606 2275 1094
629 2238 812 2275 trochaici
837 2238 1049 2284 septenarii.
