1570 2410
118 52 174 94 92
489 51 693 88 HAVTON
717 51 1073 88 TIMORVMENOS
1215 52 1250 88 V
1269 56 1460 98 1‚13—32

117 159 205 202 CH.
237 160 453 202 Hahahae.
517 159 613 202 ME.
659 158 769 208 Quid
798 159 962 202 risisti?
1024 158 1111 202 CH.
1156 158 1278 203 Serui
1308 161 1461 203 uenere

683 219 728 259 in
759 220 943 260 mentem
976 217 1072 273 Syri

117 278 382 320 calliditates.
449 277 545 320 ME.
593 268 739 319 stane?
801 276 889 319 CH.
926 276 1083 320 Voltus
1121 279 1291 334 quoque
1326 243 1460 320 homi-

682 351 784 377 num
815 336 941 392 fingit
972 336 1119 379 scelus.

66 411 96 436 15
116 395 212 437 ME.
248 394 413 438 Gnatus
448 396 560 450 quod
593 410 637 437 se
669 394 896 436 adsimulat
919 395 1092 451 laetum,
1121 395 1165 437 id
1189 395 1321 438 dicis?
1371 394 1458 438 CH.

683 453 742 495 Id.
804 453 900 495 ME.
944 453 1061 496 Idem
1092 454 1205 497 istuc
1234 454 1341 496 mihi

116 514 234 556 uenit
277 514 323 555 in
365 515 561 555 mentem.
639 511 727 554 CH.
766 511 1011 555 Veterator!
1082 512 1178 555 ME.
1221 512 1380 569 Magis,
1423 514 1459 555 si

681 571 818 627 magis
848 572 986 627 noris,
1016 574 1139 627 putes
1391 583 1458 614 889

114 632 176 674 ita
200 646 290 673 rem
314 645 416 674 esse.
463 629 550 673 CH.
576 630 664 672 Ain
682 630 758 671 tu‘?
802 630 897 672 ME.
925 629 1037 680 Quin
1054 634 1103 672 tu
1123 631 1325 673 ausculta.
1370 629 1457 673 CH.

681 688 806 730 Mane
820 690 930 745 dum,
947 689 1028 732 hoc
1040 689 1159 744 prius
1175 690 1281 731 scire
1294 691 1459 745 expeto,

35 762 39 767 ’
117 748 217 804 quid
254 749 499 804 perdideris.
568 762 668 790 nam
705 748 779 789 libi
815 748 1068 802 desponsam
1109 748 1319 790 nuntiasti
1353 748 1459 804 filio,

115 808 316 850 continuo
348 807 542 849 iniecisse
572 807 703 848 uerba
734 805 816 848 tibi
845 805 1107 848 Dromonem
1139 805 1318 862 scilicet,

62 883 95 908 20
116 869 296 922 sponsae
333 869 498 908 uestem
536 880 687 907 aurum
724 866 851 920 atque
889 865 1063 907 ancillas
1100 866 1208 920 opus
1245 879 1354 908 esse:
1397 881 1458 908 ar-

682 927 858 979 gentum
890 927 938 966 ut
969 924 1101 966 dares.

115 984 210 1026 ME.
225 983 335 1026 Non.
363 982 450 1025 CH.
467 982 577 1032 Quid
589 982 734 1024 ‘non'P
760 982 983 1038 MENon,
994 983 1180 1038 inquam.
1207 981 1294 1026 CH.
1308 982 1459 1039 Neque

504 1043 595 1096 ipse
609 1042 794 1097 gnatus?
820 1041 917 1084 ME.
931 1041 1008 1084 Nil
1019 1045 1230 1098 prorsum,
1244 1041 1456 1085 Chremes.

114 1102 251 1158 magis
301 1116 434 1143 unum
485 1102 614 1142 etiam
662 1100 841 1156 instare,
889 1103 938 1143 ut
985 1100 1111 1143 hodie
1153 1101 1459 1144 conficerentur

679 1159 864 1214 nuptiae.
1389 1172 1455 1203 895

115 1218 202 1262 CH.
247 1219 357 1262 Mira
395 1233 555 1261 narras,
619 1218 720 1273 quid
758 1216 891 1273 Syrus
928 1219 1076 1260 meus?
1124 1233 1178 1261 ne
1214 1219 1251 1261 is
1289 1219 1457 1275 quidem

681 1277 963 1332 quicquam?
997 1276 1094 1319 ME.
1138 1276 1271 1320 Nihil.

114 1336 202 1380 CH.
241 1335 376 1386 Quam
408 1336 463 1378 6b
496 1350 598 1391 rem,
627 1336 770 1378 nescio
801 1336 1006 1391 equidem.
1067 1336 1164 1378 ME.
1201 1336 1355 1393 Miror,
1385 1338 1457 1393 qui

115 1424 119 1430 .
682 1395 766 1437 alia
795 1398 886 1436 tam
916 1395 1041 1449 plane
1073 1395 1191 1437 scias.

61 1471 93 1496 25
114 1455 187 1496 sed
221 1457 343 1496 tuom
381 1468 551 1508 quoque
589 1452 722 1507 Sjrus
758 1454 869 1496 idem
905 1454 978 1495 isse
1014 1454 1120 1495 mire
1150 1454 1276 1496 finxit
1305 1452 1460 1510 fssium,

113 1516 162 1555 111:
204 1527 258 1554 ne
300 1513 521 1567 paululum
568 1512 738 1567 quidem
782 1512 953 1554 subolat
996 1514 1087 1554 esse
1130 1513 1308 1555 amicam
1349 1512 1458 1555 hanc

682 1570 854 1613 Cliniae.

114 1629 202 1673 CH.
224 1630 332 1680 Quid
353 1631 472 1686 agit?
505 1630 601 1672 ME.
623 1630 752 1672 Mitto
771 1631 856 1672 iam
870 1630 1054 1672 osculari
1067 1633 1195 1686 atque
1208 1631 1458 1686 amplexari:

678 1689 722 1730 id
750 1688 816 1730 m'l
875 1692 962 1731 uto.
1389 1700 1457 1732 900

114 1747 201 1791 CH.
229 1747 338 1797 Quid
363 1751 428 1790 est
456 1748 568 1803 quod
595 1748 778 1803 amplius
805 1704 1057 1790 siihuletur?
1093 1747 1190 1790 ME.
1215 1746 1331 1790 Vah!
1368 1746 1456 1790 CH.

682 1806 792 1856 Quid
823 1806 916 1848 est?
977 1806 1073 1848 ME.
1116 1805 1234 1848 Audi
1260 1806 1397 1848 modo.

114 1867 179 1907 est
214 1865 321 1907 mihi
357 1865 538 1907 ultumis
570 1865 769 1907 conclaue
799 1865 845 1907 in
877 1864 1050 1907 aedibus
1083 1865 1294 1920 quoddam
1323 1868 1458 1907 retro:

61 1942 95 1967 30
113 1924 197 1966 huo
228 1927 293 1966 est
323 1924 438 1966 intro
469 1925 583 1966 latus
615 1925 768 1979 lectus,
798 1923 1068 1966 uestimentis
1100 1924 1262 1966 stratus
1293 1926 1370 1965 est.

114 1981 201 2025 CH.
248 1982 357 2032 Quid
399 1986 628 2038 postquam
670 1982 753 2024 hoc
789 1985 854 2025 est
890 1982 1078 2024 factum?
1144 1981 1241 2024 ME.
1284 1980 1458 2024 Dictum

679 2041 839 2083 factum
869 2040 952 2082 huc
983 2040 1090 2082 abiit
1121 2038 1323 2096 Clitipho.

114 2099 200 2143 CH.
245 2098 401 2143 Solus?
463 2100 558 2142 ME.
601 2098 737 2142 Solus.
800 2098 887 2142 CH.
926 2099 1084 2142 Timeo.
1145 2098 1243 2142 ME.
1279 2098 1457 2142 Bacchis

681 2160 949 2200 consecutast
979 2157 1089 2200 ilico.
1388 2169 1456 2201 905

206 2289 272 2321 897
294 2286 373 2321 ME.
395 2286 520 2321 nescio
536 2286 707 2330 equidem
727 2289 738 2330 11
758 2288 825 2320 898
840 2285 904 2320 ille
918 2288 1024 2320 tuum
1039 2296 1187 2330 quoque
1202 2284 1314 2330 Syrus
1327 2283 1428 2320 idem
1446 2286 1459 2329 ’ξ
