1559 2396
85 49 135 84 m
155 53 188 93 2,
210 52 346 84 10—27
628 47 885 83 ADELPHOE
1342 47 1428 88 275

32 169 66 195 ιο
85 156 186 212 quoi
205 154 384 198 miserae
403 155 576 210 indigne
595 157 670 210 per
690 155 778 196 uim
797 155 951 196 uitium
972 154 1197 209 optulerat.
1231 152 1309 196 SO.
1330 153 1430 196 Non

648 214 851 269 intellego

85 273 190 315 sitis
222 287 330 328 quae
359 272 563 327 loquitur.
627 270 711 313 CA.
750 271 932 326 Propius
965 271 1139 313 obsecro
1172 271 1430 327 accedamus,

651 330 855 373 Sostrata.
919 329 1007 372 GE.
1045 330 1115 372 Ah

83 391 152 432 me
187 390 408 432 miserum!
449 390 520 430 uix
560 391 733 444 compos
772 405 865 431 sum
904 389 1054 444 animi,
1090 390 1152 430 ita
1188 388 1313 430 ardeo
1350 389 1429 430 ira-

648 448 809 489 cundia.
1359 459 1428 489 310

82 507 192 550 m’hil
223 508 289 550 est
320 507 434 562 quod
464 506 610 548 malim
643 521 770 561 quam
796 506 918 548 illam
944 510 1080 548 totam
1105 506 1312 548 fzimiliam
1338 506 1429 548 dari

648 566 707 606 mi
740 565 929 620 obuiam,

81 629 132 668 ut
163 639 242 681 ego
274 624 383 666 haino
413 624 521 665 iram
553 624 598 665 in
630 638 701 665 eos
733 626 927 665 euomam
960 638 1141 679 omnem,
1170 624 1270 665 dum
1297 624 1428 679 aegri-

651 683 754 724 tudo
785 683 888 724 haec
920 685 985 724 est
1016 697 1170 725 reeens.

31 756 65 782 ιε»
203 742 309 784 saitis
340 742 401 783 mi
432 741 474 782 id
504 740 684 782 habeam
718 742 909 795 supplici.

83 802 175 844 seni
206 801 392 844 §.nimam
423 800 610 854 primum
636 799 949 855 exstinguerem
975 800 1071 855 ipsi,
1102 800 1176 854 qui
1200 798 1309 841 illud
1333 814 1427 854 pro-

649 858 771 899 duxit
803 859 957 900 scelus:

83 924 176 962 tum
208 919 351 961 autem
377 916 532 972 Syrum
558 917 834 973 inpulmfirem,
866 917 960 972 uah,
993 917 1149 972 quibus
1174 916 1299 959 illum
1323 917 1428 959 lace-

649 978 786 1017 rarem
817 977 972 1018 modis!
1358 987 1426 1018 315

84 1035 297 1079 sublimen
351 1034 536 1077 medium
594 1033 824 1089 arriperem
874 1038 916 1077 et
965 1036 1102 1089 capite
1151 1037 1334 1089 pronum
1383 1036 1427 1076 in

647 1097 762 1135 terra
793 1095 1044 1148 stz'ztuerem,

200 1157 250 1196 ut
281 1152 451 1195 cerebro
484 1152 702 1207 dispergat
733 1153 857 1193 uiam.

30 1227 64 1253 πο
83 1212 343 1256 {dulescenti
379 1211 463 1266 ipsi
502 1211 707 1265 eriperem
745 1211 908 1266 oeulos,
944 1210 1123 1265 posthac
1155 1211 1427 1266 praecipitem

648 1269 800 1311 darem.

82 1333 245 1374 ceteros
300 1343 465 1371 ruerem
515 1329 683 1384 figerem
732 1343 923 1382 raperem
973 1328 1193 1370 tiinderem
1242 1332 1286 1371 et
1333 1343 1427 1384 pro-

648 1389 889 1428 sternerem.

83 1448 156 1490 sed
187 1449 305 1489 cesso
338 1461 454 1488 eram
485 1446 567 1488 hoc
596 1446 708 1487 malo
741 1445 945 1500 inpertire
975 1445 1181 1500 propere?
1238 1444 1316 1487 SO.
1347 1445 1427 1488 Re-

648 1507 857 1559 nocemus.
903 1502 1028 1545 Geta!
1070 1502 1158 1545 GE.
1190 1503 1425 1560 Hans-320

83 1563 278 1621 quisquis
305 1579 362 1620 es,
389 1564 480 1606 sine
504 1578 582 1606 me.
626 1561 704 1605 SO.
736 1563 830 1619 Ego
858 1577 952 1604 sum
979 1561 1183 1621 Sostrat—a.
1205 1554 1427 1624 ⁴GrEV‘pl

215 1641 255 1646 -2
648 1621 766 1663 east?
822 1624 864 1663 te
895 1621 1032 1676 ipsam
1065 1620 1271 1676 quaerito,

82 1687 124 1726 te
163 1684 332 1738 expeto:
378 1681 534 1736 oppido
574 1677 813 1735 opportune
849 1683 892 1721 te
924 1680 1120 1734 optulisti
1151 1680 1210 1721 mi
1243 1680 1426 1724 obuiam.

29 1755 63 1781 2⁵
83 1744 154 1784 era
178 1776 216 1784 ..
280 1739 373 1784 So(
397 1740 508 1789 Quid
538 1741 632 1782 est?
688 1739 790 1793 quid
820 1738 1036 1793 trepidas?
1098 1737 1186 1780 GE.
1224 1738 1279 1780 Ei
1309 1739 1426 1782 mihi.

648 1796 733 1839 CA.
772 1796 882 1846 Quid
912 1797 1109 1852 festinas,
1140 1796 1203 1838 mi
1232 1796 1367 1840 Geta?

83 1859 267 1901 {nimam
292 1859 442 1912 recipe.
489 1855 578 1898 GE.
607 1856 787 1898 Pr6rsus
844 1854 920 1898 So,
949 1854 1058 1905 Quid
1082 1856 1194 1897 istuc
1219 1856 1426 1911 ‘pr6rsus'

205 1962 217 1973 ,
647 1914 822 1970 ergost‘?
884 1913 972 1956 GE.
1012 1915 1226 1968 periimus.

84 1975 162 2018 SO.
187 1975 401 2032 Eloquere
427 1989 542 2030 ergo,
567 1978 610 2015 te
635 1974 824 2029 obsecr0‚
849 1973 951 2027 quid
969 1973 1182 2014 actumst?
1221 1972 1309 2015 GE.
1336 1973 1426 2016 Iam

649 2031 726 2074 ΞΟ.
766 2031 875 2080 Quid
907 2032 1034 2087 ‘iam3
1065 2030 1202 2074 Geta?
1358 2044 1427 2075 325

177 2142 247 2174 310
272 2150 354 2173 sum
378 2148 527 2182 compos
553 2138 565 2182 ΙΙ
593 2140 661 2171 313
688 2135 846 2180 supplici
874 2135 961 2169 dum
987 2134 1072 2170 illos
1097 2135 1257 2171 ulciscar
1281 2137 1391 2172 modo
1416 2137 1429 2185 Η

84 2189 151 2221 316
177 2185 350 2232 pronum]
374 2185 535 2230 primum
566 2185 576 2226 [Ι
608 2186 675 2217 322
702 2185 856 2227 expecto
888 2184 899 2227 ΙΙ
930 2186 998 2216 323
1026 2181 1092 2218 SO.
1119 2182 1210 2227 quid
1235 2182 1392 2218 festinas
1417 2188 1428 2229 μ

83 2236 153 2268 324
188 2232 352 2278 perimus
388 2235 400 2276 ΙΙ
437 2235 504 2265 325
543 2232 714 2265 actumst.
773 2229 840 2264 SO.
880 2228 1053 2273 eloquere
1085 2240 1172 2275 ergo
1205 2229 1358 2265 obsecro
1389 2233 1427 2266 te

83 2279 174 2324 quid
198 2279 249 2314 sit
275 2281 288 2323 ΙΙ
