1539 2376
168 75 206 111 C.
233 75 441 112 SVETONJ
467 75 759 118 TRANQVILLI
786 76 901 111 VITA
925 76 963 111 P.
985 76 1194 112 TERENTI
1221 77 1341 112 AFRI.
1392 77 1437 112 IX

110 186 313 226 Volcatius
344 188 478 225 autem
509 199 586 225 non
618 187 746 225 solum
771 187 924 225 Naeuio
958 190 998 225 et
1022 187 1166 226 Plauto
1194 191 1234 226 et
1258 188 1438 236 Caecilio,

106 245 174 284 sed
199 245 350 284 Licinio
382 257 540 295 quoque
572 247 612 283 et
636 246 760 284 Atilio
791 246 1004 295 postponit.
1051 245 1184 284 Cicero
1211 247 1251 284 in
1279 247 1438 285 Limone

107 305 296 342 hactenus
326 304 480 342 laudat:

165 385 227 424 Tu
258 397 433 436 quoque,
466 385 535 435 qui
567 386 674 424 solus
706 386 806 424 lecto
839 398 1031 435 sermone,
1065 387 1240 436 Terenti,

164 456 397 483 conuersum
429 456 733 494 expressumque
766 444 893 481 latina
924 457 1021 483 uoce
1052 445 1310 483 Menandrum

166 503 208 541 in
238 502 413 541 medium
444 503 557 541 nobis
589 503 735 541 sedatis
768 503 941 540 motibus
974 504 1101 543 effers,

165 561 352 612 quiddam
384 573 491 600 come
523 562 689 611 loquens
720 562 840 610 atque
873 562 1005 599 omnia
1037 562 1167 600 dulcia.
1198 563 1374 600 miscens.

107 644 202 682 item
234 642 274 682 C.
299 642 458 682 Caesar:

165 725 227 764 Tu
259 737 434 775 quoque,
472 726 518 762 tu
548 724 590 762 in
621 725 799 773 summis,
838 737 859 763 o
891 725 1096 764 dimidiate
1127 726 1355 766 Menander.

165 783 339 834 poneris,
371 786 412 822 et
442 783 599 827 merito,
632 783 721 832 puri
754 784 941 822 sermonis
974 786 1136 823 amator.

165 842 319 882 lenibus
351 844 470 891 atque
502 842 655 880 utinam
687 842 842 891 scriptis
874 843 1061 882 adiuncta
1093 844 1194 882 foret
1224 843 1302 891 uis,

165 901 314 940 comica.
345 902 393 938 ut
423 903 592 950 aequato
625 901 755 938 uirtus
785 901 954 950 polleret
984 902 1129 940 honore

165 973 255 998 cum
286 958 462 1008 Graecis,
494 972 592 997 neue
624 959 696 997 hac
728 959 934 1008 despectus
965 962 1077 1009 parte
1108 961 1265 999 iaceres.

164 1031 289 1057 unum
319 1018 393 1056 hoc
423 1030 598 1056 maceror
629 1018 788 1056 aureolo
821 1018 893 1055 tibi
927 1018 1052 1069 desse,
1085 1019 1252 1057 Terenti.

269 1212 399 1257 AVG
409 1212 690 1256 TARIVM
733 1213 941 1256 AELII
988 1214 1033 1256 D
1044 1213 1084 1257 O
1094 1214 1281 1257 NATI.

223 1393 331 1432 Haec
375 1391 589 1431 Suetonius
632 1392 899 1442 Tranquillus.
962 1405 1053 1431 nam
1097 1392 1195 1431 duos
1239 1393 1442 1432 Terentios

107 1454 244 1502 poetas
280 1451 402 1490 fuisse
440 1450 576 1489 scribit
612 1451 803 1501 Maecius,
841 1464 1009 1501 quorum
1049 1452 1149 1490 alter
1185 1452 1442 1502 Fregellanus

108 1511 230 1550 fuerit
277 1509 486 1548 Terentius
528 1509 645 1559 Libo,
695 1510 798 1548 alter
845 1511 1053 1548 libertinus
1096 1510 1304 1549 Terentius
1347 1510 1443 1549 Afer

107 1569 248 1618 patria,
279 1568 326 1607 de
359 1580 437 1618 quo
468 1580 573 1606 nunc
605 1568 817 1618 loquimur.
862 1568 1057 1618 Scipionis
1087 1569 1245 1607 fabulas
1277 1569 1441 1608 edidisse

107 1628 337 1666 Terentium
367 1627 575 1677 Vagellius
605 1627 646 1664 in
678 1627 831 1666 actione
864 1628 938 1665 ait:

223 1709 349 1755 Tuae,
382 1709 557 1758 Terenti,
589 1721 691 1758 quae
722 1710 918 1747 uocantur
949 1709 1108 1747 fabulae

223 1768 336 1806 cuiae
368 1767 486 1806 sunt?
529 1780 607 1805 non
638 1768 725 1816 has,
758 1767 846 1805 iura
877 1768 945 1817 qui
976 1768 1135 1817 populis
1166 1767 1304 1817 dabat,

223 1839 375 1865 summo
406 1826 473 1864 ille
505 1826 651 1864 honore
683 1826 861 1871 affectus,
893 1827 989 1865 fecit
1018 1825 1202 1864 fabulas?

107 1908 208 1947 duae
263 1907 312 1946 ab
360 1908 600 1957 Apollodoro
649 1908 866 1946 translatae
917 1920 998 1947 esse
1048 1908 1236 1946 dicuntur
1283 1910 1441 1956 comico,

107 1967 290 2006 Phormio
335 1968 375 2005 et
410 1966 581 2016 Hecyra:
625 1968 799 2016 quatuor
834 1967 1009 2016 reliquae
1049 1979 1072 2004 a
1110 1966 1333 2005 Menandro.
1397 1979 1440 2004 ex

108 2026 252 2076 quibus
282 2037 426 2076 magno
459 2037 641 2063 successu
673 2027 713 2063 et
743 2025 870 2074 pretio
904 2026 1016 2063 stetit
1039 2025 1258 2063 Eunuchus
1289 2025 1440 2062 fabula:

108 2084 262 2134 Hecyra
293 2096 408 2133 saepe
440 2084 613 2133 exclusa,
645 2084 714 2121 uix
745 2085 834 2122 acta
865 2085 934 2122 est.
