1559 2396
128 541 368 585 METRA
415 538 637 582 HVIVS
683 537 1007 580 FABVLAE
1052 534 1242 579 HAEC
1289 531 1470 578 SVNT

366 714 409 750 V.

491 719 509 748 1
538 713 587 748 ad
615 717 683 748 154
707 710 860 746 iambici
889 710 1025 745 senarii

449 770 516 801 155
544 766 592 800 ad
622 768 687 800 158
714 764 896 799 trochaici
924 763 1105 798 octonarii

544 822 610 853 159
636 817 848 852 trochaicus
875 816 1135 860 quaternarius
1161 814 1402 850 catalecticus

449 876 516 907 160
543 873 582 907 et
608 875 674 906 162
699 869 882 905 trochaici
909 869 1090 904 octonarii

450 929 527 969 161,
550 928 617 959 163
645 923 694 958 ad
720 926 786 957 169
813 921 995 957 trochaici
1021 921 1224 966 septenarii

383 999 398 1005 —
448 982 516 1012 170
542 977 591 1012 ad
619 980 686 1011 196
711 975 864 1010 iambici
891 975 1073 1010 octonarii

383 1052 398 1058 -
448 1034 514 1066 197
542 1030 591 1065 ad
618 1033 685 1064 208
711 1028 894 1064 trochaici
920 1027 1123 1073 septenarii

384 1106 399 1110 -
448 1088 516 1118 209
545 1083 594 1118 ad
620 1086 687 1117 227
714 1081 868 1116 iambici
895 1080 1076 1116 octonarii

385 1157 398 1163 -
448 1139 517 1171 228
544 1135 593 1170 ad
619 1139 686 1170 253
714 1134 866 1169 iambici
893 1133 1030 1168 senarii

384 1211 399 1216 -
448 1193 517 1224 254
543 1189 592 1224 ad
618 1191 685 1222 287
713 1187 867 1222 iambici
895 1186 1075 1221 octonarii

448 1299 516 1330 289
537 1296 575 1329 et
594 1297 664 1328 290
685 1311 727 1323 ---·
749 1297 818 1328 293
845 1295 883 1328 et
909 1296 978 1326 294
1003 1291 1156 1326 iambici
1184 1291 1368 1326 octonarii

543 1350 609 1381 291
637 1346 822 1381 iambicus
848 1345 1110 1389 quaternarius

448 1403 517 1435 295
543 1400 592 1435 ad
619 1403 686 1434 297
713 1397 895 1434 trochaici
922 1397 1125 1442 septenarii

448 1244 516 1276 288
541 1259 583 1270 =
606 1245 674 1275 292
700 1239 883 1276 trochaici
911 1238 1112 1284 septenarii

418 1244 517 1500 {298
543 1452 727 1488 iambicus
753 1450 966 1486 octonarius

384 1527 400 1534 -
448 1510 516 1541 299
538 1506 587 1541 ad
607 1509 674 1540 302
698 1523 740 1534 =
761 1508 830 1539 305
850 1504 899 1539 ad
919 1507 987 1538 308
1012 1501 1167 1538 iambici
1194 1503 1378 1538 octonarii

385 1581 399 1586 -
449 1562 516 1593 303
538 1562 576 1594 et
594 1561 663 1592 304
683 1575 727 1588 =
748 1561 816 1592 309
836 1559 874 1592 et
895 1560 963 1591 310
988 1555 1171 1591 trochaici
1197 1555 1401 1600 septenarii

385 1634 398 1639 -
449 1616 513 1646 311
538 1614 576 1646 et
596 1615 676 1655 312,
703 1614 771 1644 314
792 1610 841 1644 ad
861 1613 929 1644 316
955 1608 1109 1643 iambici
1135 1608 1319 1643 octonarii

544 1668 612 1699 313
638 1662 850 1698 trochaicus
878 1661 1139 1706 quaternarius
1165 1661 1409 1697 catalecticus

385 1739 400 1745 -
449 1722 515 1752 317
543 1716 726 1752 iambicus
753 1715 1014 1760 quaternarius

385 1793 401 1798 -
450 1774 518 1806 318
545 1772 583 1805 et
608 1773 676 1804 319
701 1767 884 1804 trochaici
910 1767 1113 1812 septenarii

383 1846 402 1851 -
451 1827 519 1858 320
545 1822 728 1857 iambicus
755 1820 968 1856 octonarius

384 1898 398 1903 -
449 1880 514 1911 321
543 1876 592 1910 ad
618 1879 686 1909 329
712 1874 895 1910 trochaici
921 1873 1125 1919 septenarii

383 1950 399 1955 -
448 1932 516 1963 330
542 1928 590 1963 ad
617 1931 685 1962 354
709 1926 863 1962 iambici
890 1926 1074 1962 octonarii

384 2003 399 2008 -
449 1985 517 2015 355
544 1980 593 2015 ad
619 1983 688 2014 516
713 1978 866 2014 iambici
893 1979 1031 2014 senarii

449 2089 517 2120 518
546 2104 587 2115 =
615 2089 683 2119 526
710 2084 892 2120 trochaici
920 2085 1124 2130 septenarii

449 2142 516 2174 519
542 2138 591 2173 ad
618 2142 685 2172 523
714 2155 756 2166 =
783 2141 850 2172 527
877 2137 925 2172 ad
952 2141 1016 2171 531
1045 2137 1197 2173 iambici
1225 2138 1406 2174 octonarii

545 2195 613 2226 524
638 2190 820 2225 iambicus
847 2190 1107 2235 quaternarius

450 2037 517 2068 517
544 2050 589 2063 ==
615 2036 683 2067 525
709 2031 891 2067 trochaici
918 2031 1101 2066 octonarii

418 2034 517 2292 {532
543 2244 593 2279 ad
619 2247 686 2278 539
712 2243 865 2278 iambici
892 2243 1075 2278 octonarii

199 2311 405 2338 Terentius
425 2311 467 2337 οά
489 2310 676 2337 Fleckeisen.
714 2309 762 2334 Ed
791 2309 829 2334 11.
1147 2292 1150 2294 .
1211 2305 1255 2336 20
