1539 2376
100 51 192 97 prol.
215 54 326 86 1—27
1412 54 1436 95 3

553 218 989 264 PROLOGVS

100 393 231 437 Poeta
262 409 391 450 quom
422 395 606 449 primum
638 396 823 437 animum
857 397 908 438 ad
940 398 1207 440 scribendum
1239 398 1415 454 adpulit,

99 453 143 495 id
173 452 258 495 sibi
288 454 436 510 negoti
467 454 644 496 credidit
676 455 814 496 sohim
846 456 948 511 dari,

100 512 258 567 populo
288 515 338 553 ut
368 513 581 567 placerent
613 515 718 568 quas
751 513 919 555 fecisset
950 515 1127 557 fabulas.

101 586 248 614 uerum
278 571 402 613 aliter
433 571 601 613 euenire
632 573 768 614 multo
800 573 1028 629 intellegit:

99 645 198 672 nam
227 630 274 672 in
302 630 493 686 prelogis
526 631 763 672 scribundis
796 646 966 686 operam
997 632 1202 688 abutitur,
1420 646 1437 675 ι’)

99 703 187 731 non
218 689 291 744 qui
323 690 620 745 argumentum
649 691 806 746 narret,
838 691 910 732 sed
942 691 1015 745 qui
1045 692 1235 733 maliuoli

102 747 257 790 ueteris
288 752 438 803 poetae
469 749 704 790 maledictis
736 750 998 804 respendeat.

100 821 224 863 nunc,
254 808 381 862 quam
411 807 639 863 remjuitio
672 808 784 864 dent,
815 822 971 862 quaeso
1004 809 1190 851 animum
1221 810 1437 851 attendite.

101 865 329 908 Menander
359 866 459 907 fecit
490 866 694 908 Andriam
727 870 769 908 et
798 866 1071 909 Perinthiam.

102 925 176 980 qui
206 925 414 967 utramuis
445 928 556 967 recte
586 925 715 982 nerit,
746 926 891 968 ambas
922 927 1109 968 neuerit:
1398 939 1437 968 10

101 985 163 1026 ita
190 985 279 1026 nen
309 983 507 1025 dissimili
538 987 638 1026 sunt
669 988 932 1042 argumento,
962 987 1004 1027 et
1035 988 1178 1027 tamen

102 1041 298 1085 dissimili
329 1043 521 1085 oratiene
553 1046 652 1100 sunt
682 1043 818 1085 factae
850 1045 898 1086 ac
929 1044 1039 1085 stilo.

103 1116 210 1158 quae
239 1103 483 1158 cenuenere,
513 1101 559 1144 in
589 1102 795 1144 Andriam
826 1117 876 1144 ex
907 1102 1126 1144 Perinthia

101 1162 261 1203 fatetur
290 1159 562 1203 transtulisse
593 1163 720 1216 atque
750 1176 875 1203 usum
905 1163 983 1217 pre
1017 1162 1115 1203 suis,

102 1220 146 1262 id
175 1218 254 1262 isti
279 1220 525 1274 uituperant
554 1220 714 1262 factum
746 1223 872 1275 atque
902 1221 948 1262 in
978 1235 1026 1262 eo
1059 1219 1280 1275 disputant
1398 1233 1437 1262 15

103 1279 382 1322 contaminari
410 1280 498 1320 nen
528 1278 671 1321 decere
700 1279 878 1322 fabulas.

102 1338 317 1380 facidntne
346 1337 643 1394 intellegendo,
673 1341 722 1380 ut
751 1337 862 1380 nihil
890 1338 1171 1394 intellegant?
1241 1382 1250 1390 ,

103 1397 178 1453 qui
207 1410 337 1452 quom
366 1396 480 1439 hunc
510 1400 719 1453 accusant,
749 1395 962 1439 Naeuium
990 1397 1190 1439 Plautum
1221 1396 1408 1438 Ennium

104 1458 313 1512 accusant,
343 1469 450 1511 quos
479 1455 550 1497 hic
578 1457 725 1498 nester
756 1458 948 1498 auctores
979 1456 1121 1512 habet,

105 1529 284 1571 quorum
315 1514 515 1556 aemulari
546 1515 721 1570 exeptat
749 1515 1056 1571 neclegentiam
1395 1526 1437 1556 20

103 1574 247 1630 potius
279 1588 406 1628 quam
435 1573 616 1615 istorum
647 1573 871 1615 obscuram
901 1574 1174 1629 diligentiam.

104 1633 254 1676 dehinc
283 1635 332 1674 ut
364 1632 582 1687 quiescant
612 1633 739 1687 perro
771 1646 921 1674 moneo
953 1635 996 1674 et
1027 1633 1221 1674 desinant

102 1690 360 1747 maledicere,
388 1695 436 1733 ut
463 1691 684 1733 malefacta
714 1705 766 1732 ne
795 1692 974 1733 noscant
1005 1706 1091 1732 sua.

102 1751 254 1807 fauete,
284 1750 426 1792 adeste
457 1764 590 1805 aequo
623 1750 762 1791 animo
795 1754 838 1791 et
867 1764 956 1792 rem
986 1750 1240 1805 cognescite,

102 1812 152 1852 ut
180 1808 455 1865 pernoscatis,
485 1808 633 1864 ecquid
664 1809 753 1863 spei
785 1809 841 1850 sit
871 1809 1086 1864 relicuom,
1394 1820 1435 1849 ιιι)

102 1868 281 1924 posthac
311 1882 416 1923 quas
447 1867 572 1909 faciet
603 1867 653 1909 de
684 1867 852 1924 integro
884 1868 1134 1924 comoedias,

103 1927 353 1983 spectandae
383 1941 438 1968 an
468 1926 696 1982 exigendae
728 1926 815 1968 sint
844 1926 968 1968 uobis
1000 1926 1130 1981 prius.

197 2058 239 2089 11
265 2065 340 2090 non
365 2054 420 2089 ita
438 2057 450 2100 ss
468 2055 522 2101 et]
549 2053 614 2090 sed
632 2055 644 2100 ΙΙ
664 2058 708 2089 25
734 2054 884 2101 ecquid]
911 2056 948 2089 et
973 2053 1064 2098 quid
1082 2055 1094 2098 ΙΙ
