1559 2396
66 14 99 49 v
118 19 150 59 2,
172 19 308 50 11-—28
638 17 831 53 HECYRA
1321 22 1400 62 251

64 121 150 164 LA.
190 121 416 178 Phidippo,
453 127 622 165 nostras
653 124 850 166 mtiheres
883 127 1099 180 suspectas
1131 127 1262 169 fuisse
1294 128 1402 170 falso

63 179 187 223 nobis
230 181 275 222 111
318 195 363 223 re
406 195 528 235 eapse
572 182 829 224 inuenimus:
873 198 998 237 porro
1042 184 1150 226 hzinc
1188 200 1297 227 nunc
1336 201 1401 227 ex-

627 242 848 294 perimur.

62 312 161 340 nam
193 296 233 340 si
262 299 514 353 compererit
545 298 711 340 crimini
743 304 817 341 tua
848 301 956 342 fiilso
990 301 1232 358 credidisse,

62 357 235 399 missam
279 356 385 398 iram
429 357 569 399 faciet:
615 359 680 398 sin
724 363 861 400 meust
907 359 960 401 ob
1005 361 1095 401 eain]
1141 375 1228 402 rem
1267 362 1400 403 iratus

626 419 798 471 gnatus,
1336 430 1401 463 780

11 483 44 510 1⁵
64 474 176 529 quod
207 475 372 529 peperit
402 489 509 516 uxor
541 475 661 529 clam,
691 474 733 516 id
765 476 914 517 leuest:
947 477 1031 518 cito
1058 478 1111 519 ab
1137 492 1185 519 eo
1212 477 1313 520 haec
1339 479 1401 520 ira

626 534 830 575 abscc'det.

63 591 250 646 profecto
277 592 321 632 in
346 591 425 634 hac
450 606 493 633 re
519 591 584 633 nil
609 592 764 648 malist,
797 593 907 647 quod
935 593 990 634 sit
1016 594 1189 635 discidio
1214 593 1398 650 dignum.

62 649 149 692 PH.
181 649 321 692 Velim
356 650 522 705 quidem
554 650 702 692 hercle.
759 651 842 692 LA.
882 651 1088 706 Exquire:
1122 653 1254 694 adest:
1290 654 1400 707 quod

626 710 729 750 saitis
763 711 837 764 sit,
869 710 992 751 faciet
1023 710 1124 764 ipsa.

61 766 147 809 PH.
181 765 288 816 Quid
314 767 372 808 mi
399 767 529 809 istaec
554 782 699 809 narras
725 769 862 809 leuia?
900 783 985 810 non
1011 772 1102 810 tute
1128 769 1217 824 ipse
1243 770 1399 811 dudum

626 825 799 881 audisti,

61 884 110 926 de
142 884 218 926 hac
250 899 293 926 re
326 885 491 926 §.nimus
523 900 641 926 meus
668 890 715 926 ut
741 884 808 940 sit,
840 885 1026 927 Laches?
1070 885 1156 927 illis
1181 886 1306 927 modo
1333 900 1399 928 ex-

625 943 736 997 plete
768 944 966 985 :inimum
999 969 1054 974 —
1333 955 1398 987 785

9 1001 146 1043 20LA.
192 1000 354 1050 Quaeso
393 1002 557 1056 edepol,
600 1001 794 1057 Bacchis,
838 1003 948 1056 quod
986 1002 1090 1044 mihi
1129 1017 1172 1044 es
1209 1002 1399 1057 pollicita

625 1064 716 1101 tute
749 1064 796 1101 ut
827 1063 978 1102 seruos.

62 1118 147 1160 BA.
187 1117 251 1160 Ob
285 1120 376 1160 edm
408 1133 495 1160 rem
527 1119 601 1160 uin
632 1133 732 1173 ergo
764 1118 877 1160 intro
911 1120 1029 1160 eam?
1091 1119 1175 1161 LA.
1215 1119 1247 1175 I,
1278 1120 1399 1174 exple

625 1178 812 1219 {mimum
844 1178 916 1232 eis,
947 1192 1048 1232 coge
1080 1181 1128 1219 ut
1159 1178 1338 1220 credant.

60 1236 147 1278 BA.
191 1235 275 1291 Eo,
314 1236 394 1277 etsi
433 1236 518 1277 scio
551 1236 623 1290 pol
654 1235 714 1277 eis
746 1237 835 1278 fore
866 1251 1005 1277 meum
1038 1238 1308 1291 06nspectum
1339 1251 1399 1278 111-

624 1295 763 1336 uisum
794 1294 935 1336 hodie:

60 1368 159 1395 nam
200 1356 335 1408 mipta
377 1353 588 1395 meretrici
631 1352 768 1394 hostis
813 1357 893 1407 est,
942 1369 965 1394 a
1008 1352 1102 1395 uiro
1146 1354 1220 1395 ubi
1265 1367 1398 1409 segre-

8 1483 42 1508 25
62 1470 146 1512 LA.
191 1469 250 1512 At
293 1470 459 1512 easdem
497 1415 777 1512 ammagdtifgss
813 1470 894 1511 tibi
932 1469 1157 1526 promitto,
1200 1470 1274 1512 ubi
1311 1423 1397 1512 111181119

625 1529 866 1584 cognorint:
1333 1540 1395 1571 791

60 1602 156 1630 nam
189 1587 285 1629 illas
318 1601 458 1630 errore
490 1591 532 1630 et
563 1589 606 1629 te
637 1587 763 1628 simul
796 1586 1032 1642 suspitione
1064 1587 1267 1629 exsolues.

61 1646 148 1688 BA.
187 1645 311 1701 Perii,
343 1646 473 1701 pudet
498 1645 780 1687 Phillimenae.
825 1660 890 1687 me
922 1646 1146 1700 sequimini
1178 1645 1260 1687 huc
1285 1646 1397 1688 intro

625 1704 781 1746 ambae.
815 1728 869 1734 —

61 1763 147 1806 LA.
190 1763 298 1814 Quid
335 1766 400 1806 est
436 1762 546 1805 mihi
585 1763 696 1817 quod
734 1763 877 1804 malim
909 1764 1034 1817 quain]
1067 1762 1179 1817 quod
1209 1762 1308 1804 huic
1339 1763 1398 1804 in·

624 1821 778 1876 tellego
812 1821 999 1877 euenire,

61 1985 133 2020 LA.
177 1986 227 2020 At
269 1985 362 2020 haec
399 1983 542 2019 amicae
580 1986 687 2019 erunt
700 2012 713 2037 ,ι
753 1983 821 2064 ubit
855 1994 966 2028 quam
1004 1983 1051 2018 ob
1090 1994 1165 2018 rem
1203 1983 1400 2064 1111υο11οἒ13

623 2041 803 2065 1080180011
826 2058 831 2064 .
1333 2034 1350 2064 ’ἵ

156 2151 222 2183 778
241 2147 324 2194 ipsa
342 2153 354 2189 u
374 2152 441 2184 779
460 2150 528 2184 tua.
546 2159 585 2184 se
604 2159 696 2182 uxor
714 2147 809 2182 falso
823 2149 902 2192 (tua
916 2157 954 2182 se
968 2158 1059 2182 uxor
1072 2150 1124 2191 se)
1142 2149 1154 2193 u
1175 2151 1242 2183 780
1262 2147 1397 2194 meust]

59 2198 186 2231 autem
199 2198 338 2240 (autem
350 2197 421 2240 est)
440 2200 452 2239 ΙΙ
472 2199 539 2230 784
553 2194 669 2241 leuia]
683 2194 771 2239 quia
785 2196 848 2239 (an
860 2194 963 2238 quia)
981 2196 994 2237 ΙΙ
1013 2197 1078 2228 787
1095 2193 1107 2228 i
1121 2193 1244 2241 exple]
1259 2193 1271 2228 i
1286 2196 1398 2238 atque

58 2242 167 2288 exple
185 2242 326 2287 (itaque
347 2242 467 2288 exple)
486 2244 497 2285 11
518 2245 582 2277 791
604 2252 681 2277 rem
701 2241 765 2276 ubi
785 2240 1027 2286 cognouerint
1045 2242 1057 2283 11
1077 2244 1143 2276 794
1164 2240 1262 2285 quod
1282 2240 1373 2275 mihi
