1539 2355
311 388 363 433 G.
402 388 726 432 SVETONI
770 387 1248 440 TRANQV1LL1

381 471 550 514 VITA
582 471 637 514 P.
665 470 964 513 TERENTI
998 470 1177 513 AFRI.

216 641 263 679 &13
289 640 515 679 srERnNTIVS
548 640 664 678 AFER,
696 627 941 678 Karthagine
973 629 1103 676 natus,
1135 627 1275 665 seruiit
1302 626 1449 665 Romae

113 687 296 726 Terentio
322 687 483 725 Lucano
516 687 700 737 senatori,
733 699 756 723 a
787 698 866 735 quo
899 685 946 724 ob
978 686 1182 735 ingenium
1213 687 1253 723 et
1282 685 1449 723 formam

113 759 191 785 non
216 746 429 784 institutus
454 745 569 784 modo
593 745 821 794 liberaliter,
847 745 914 782 sed
935 746 974 782 et
993 746 1150 782 mature
1168 757 1290 782 manu
1308 744 1450 782 missus

115 807 183 844 est.
247 805 408 855 quidam
451 806 613 854 captum
656 815 738 842 esse
783 803 1029 841 existimant:
1072 803 1178 852 quod
1218 802 1302 841 fieri
1339 803 1450 841 nullo

114 864 229 903 modo
260 864 437 914 potuisse
468 863 691 901 Fenestella
722 862 855 912 docet,
887 874 978 900 cum
1007 862 1112 900 inter
1141 861 1258 900 finem
1290 862 1450 901 secundi

114 923 256 962 Punici
297 923 392 961 belli
435 924 475 960 et
511 922 672 960 initium
709 921 820 959 tertii
859 923 898 959 et
936 923 1055 959 natus
1093 921 1145 959 sit
1181 922 1221 959 et
1256 923 1449 959 mortuus.

115 995 185 1021 nec
223 982 255 1020 si
293 995 316 1019 a
346 981 531 1019 Numidis
569 983 641 1019 aut
672 979 854 1018 Gaetulis
885 982 1025 1029 captus
1057 979 1128 1028 sit,
1166 980 1216 1018 ad
1247 980 1450 1018 dominum

115 1042 338 1080 Romanum
391 1039 599 1090 peruenire
650 1039 849 1089 potuisse,
905 1039 1016 1077 nullo
1066 1039 1297 1077 commercio
1348 1038 1452 1077 inter

116 1100 276 1138 Italicos
316 1102 355 1138 et
386 1100 505 1137 Afros
541 1098 618 1137 nisi
655 1100 746 1147 post
777 1098 948 1136 deletam
980 1097 1267 1147 Karthaginem
1299 1099 1449 1147 coepto.

116 1159 179 1203 hic
217 1172 305 1197 cum
344 1158 482 1196 multis
514 1157 713 1196 nobilibus
745 1157 997 1196 familiariter
1026 1157 1146 1205 uixit,
1184 1156 1252 1194 sed
1283 1156 1450 1194 maxime

116 1231 205 1257 cum
233 1217 414 1267 Scipione
439 1216 626 1255 Africano
659 1218 699 1254 et
724 1215 763 1255 O.
783 1215 930 1266 Laelio,
963 1215 1107 1266 quibus
1133 1215 1254 1253 etiam
1278 1215 1452 1265 corporis

117 1277 248 1328 gratia
278 1276 513 1315 conciliatus
545 1275 805 1314 existimatur.
861 1274 967 1324 quod
999 1277 1039 1312 et
1069 1275 1200 1324 ipsum
1229 1274 1453 1313 Fenestella

117 1336 262 1387 arguit,
293 1335 531 1374 contendens
561 1336 732 1384 utroque
758 1334 946 1372 maiorem
971 1335 1070 1372 natu
1095 1333 1228 1372 fuisse.
1267 1333 1452 1383 quamuis

118 1398 159 1434 et
187 1395 321 1444 Nepos
359 1394 544 1444 aequales
579 1405 713 1432 omnes
744 1393 866 1431 fuisse
897 1392 1032 1430 tradat
1063 1394 1102 1431 et
1132 1392 1296 1431 Porcius
1327 1392 1450 1442 suspi-

118 1455 266 1494 tionem
297 1454 343 1492 de
376 1453 659 1492 consuetudine
690 1465 761 1502 per
791 1452 888 1490 haec
918 1451 1057 1489 faciat:

119 1549 223 1586 Dum
253 1547 459 1586 lasciuiam
491 1546 685 1585 nobilium
716 1547 757 1584 et
788 1545 926 1583 laudes
958 1536 1116 1584 fucos'as
1146 1544 1267 1595 petit,

119 1608 213 1645 dum
243 1606 421 1644 Africani
452 1618 590 1644 uocem
622 1605 801 1643 diuinam
833 1603 961 1642 inhiat
992 1603 1122 1642 auidis
1154 1603 1336 1654 auribus,

119 1666 213 1704 dum
245 1665 295 1703 ad
324 1665 484 1702 Philum
517 1677 557 1703 se
589 1664 762 1702 cenitare
794 1665 834 1701 et
864 1662 1045 1701 Laelium
1077 1662 1286 1712 pulchrum
1317 1663 1453 1714 putat,

120 1725 213 1763 dum
250 1724 292 1762 in
322 1724 522 1761 Albanum
560 1723 694 1761 crebro
730 1722 890 1771 rapitur
919 1721 967 1759 ob
999 1722 1135 1760 florem
1167 1721 1311 1760 aetatis
1343 1734 1452 1760 suae:

119 1784 201 1822 suis
232 1782 418 1833 postlatis
448 1782 565 1820 rebus
598 1782 647 1819 ad
679 1793 874 1819 summam
904 1780 1081 1830 inopiam
1111 1780 1296 1818 redactus
1328 1782 1398 1819 est.

119 1843 255 1892 itaque
301 1854 347 1880 ex
390 1842 603 1890 conspectu
647 1840 824 1879 omnium
868 1839 952 1877 abit
990 1839 1032 1877 in
1070 1838 1275 1878 Graeciam
1309 1841 1455 1878 terram

1173 1898 1382 1937 ultumam.

119 1962 296 1999 mortuos
328 1958 592 2008 Stymphalist
624 1958 817 1996 Arcadiae
850 1957 1006 2007 oppido.
1055 1956 1113 1994 nil
1143 1956 1284 1995 Publio

122 2019 252 2069 Scipio
284 2017 453 2068 profuit,
485 2017 542 2054 nil
572 2017 632 2055 illi
663 2016 841 2067 Laelius,
873 2016 930 2054 nil
960 2015 1121 2065 Furius,

120 2081 200 2116 tres
230 2090 302 2127 per
331 2077 373 2114 id
402 2077 560 2125 tempus
593 2075 662 2126 qui
694 2075 904 2126 agitabant
935 2074 1086 2113 nobiles
1115 2074 1328 2113 facillume.

120 2150 256 2176 eorum
287 2136 354 2174 ille
387 2147 507 2184 opera
537 2147 585 2173 ne
617 2133 777 2172 domum
807 2133 967 2184 quidem
991 2132 1134 2171 habuit
1158 2133 1456 2184 conducticiam,

122 2196 263 2236 saltem
293 2196 341 2234 ut
372 2195 492 2246 esset,
524 2205 603 2244 quo
635 2193 800 2232 referret
831 2193 985 2232 obitum
1016 2192 1166 2231 domini
1197 2192 1387 2232 seruolus.
