1539 2376
120 21 156 59 C.
196 22 404 58 SVETONI
429 22 723 65 TRANQVILLI
750 23 863 59 VITA
888 23 1157 64 P,TERENT1
1184 25 1294 59 AFRI
1343 23 1410 59 VH

73 134 232 190 scripsit
262 134 515 191 comoedias
526 147 602 181 sex.
647 147 694 173 ex
725 134 869 184 quibus
899 135 1068 185 primam
1099 135 1290 173 Andriam
1321 148 1409 174 cum

73 193 193 232 aedili
222 205 269 232 us
300 193 423 243 daret,
455 193 587 232 iussus
619 196 712 231 ante
739 193 908 232 Caecilio
940 195 1104 232 recitare
1131 195 1181 232 ad
1206 196 1410 232 cenantem

73 265 164 292 cum
193 252 387 302 uenisset,
419 251 566 290 dicitur
596 252 755 290 initium
788 252 947 302 quidem
978 253 1155 298 fabulae,
1189 253 1294 303 quod
1326 258 1411 291 erat

74 311 358 361 contemptiore
401 311 572 359 uestitu,
617 311 802 349 subsellio
849 312 961 349 iuxta
1004 312 1196 350 lectulum
1238 312 1410 350 residens

73 369 227 421 legisse,
262 372 354 420 post
383 382 531 419 paucos
563 383 656 408 uero
689 381 828 408 uersus
860 371 1056 409 inuitatus
1087 372 1135 408 ut
1165 370 1412 409 accumberet

74 440 233 468 cenasse
269 441 367 479 una,
411 428 499 466 dein
539 430 669 467 cetera
706 429 994 478 percucurrisse
1033 442 1110 467 non
1148 429 1231 468 sine
1267 442 1412 479 magna

75 487 237 527 Caecilii
270 487 543 526 admiratione.
594 490 634 526 et
664 487 764 525 hanc
797 490 930 525 autem
963 490 1002 526 et
1033 488 1208 538 quinque
1238 488 1412 537 reliquas

75 546 298 597 aequaliter
333 546 482 596 populo
521 546 725 596 probauit:
765 547 949 596 quamuis
981 546 1190 585 Volcatius
1227 547 1268 584 in
1299 547 1411 584 dinu-

74 605 292 644 meratione
325 605 503 644 omnium
534 605 591 643 ita
624 605 786 643 sciibat:

293 687 461 726 Simitur
491 687 650 726 Hecura
681 689 792 726 sexta
823 688 1022 726 exclusast
1052 687 1199 726 fabula.

75 781 295 821 Eunuchus
315 781 474 832 quidem
493 781 553 820 bis
571 778 810 832 dei<nceps>
825 783 915 820 acta
929 783 989 820 est
1002 782 1225 832 meruitque
1240 782 1412 831 pretium

77 842 272 892 quantum
297 841 410 878 nulla
429 842 547 879 antea
566 840 803 890 cuiusquam
823 840 1036 891 comoedia,
1062 842 1149 879 octo
1170 841 1281 878 milia
1300 854 1412 878 num-

76 913 195 940 mum.
226 901 437 950 propterea
461 912 616 937 summa
641 912 799 949 quoque
818 900 938 938 titulo
960 899 1179 938 ascribitur.
1236 912 1257 934 *
1313 911 1335 935 *
1391 913 1411 934 κε

79 973 99 994 *
162 970 183 994 *
244 970 267 993 *
327 971 348 992 *
411 971 431 993 *
493 971 515 993 *
578 971 598 992 *
661 971 681 992 *
744 971 765 994 *
827 971 848 993 *
910 971 932 994 *
992 970 1015 994 *
1076 970 1097 993 *
1159 970 1181 994 *
1237 970 1258 993 *
1314 970 1336 993 *
1392 972 1411 992 *

77 1030 168 1056 nam
200 1017 472 1067 Adelphorum
507 1017 748 1066 principium
777 1016 904 1055 Varro
944 1017 1065 1055 etiam
1100 1017 1274 1066 praefert
1307 1017 1410 1066 prin—

77 1076 181 1126 cipio
217 1075 433 1115 Menandri.
495 1088 571 1114 non
611 1076 777 1114 obseura
812 1077 920 1114 fama
958 1078 1018 1114 est
1055 1076 1238 1130 adiutum
1272 1076 1412 1124 Teren-

77 1136 182 1174 tium
213 1135 254 1173 in
285 1134 657 1187 scrlsstiswalgaelio
688 1137 729 1173 et
755 1135 954 1184 Scipione:
987 1147 1152 1184 eamque
1179 1135 1262 1184 ipse
1290 1135 1412 1184 auxit,

78 1206 296 1244 numquam
333 1194 410 1232 nisi
446 1194 590 1232 leuiter
626 1189 667 1232 se
705 1193 831 1232 tutari
869 1195 1050 1244 conatus,
1087 1195 1135 1231 ut
1170 1194 1212 1231 in
1248 1194 1412 1244 prologo

79 1253 367 1302 Adelphorum:

136 1335 240 1373 Nam
271 1334 378 1384 quod
407 1334 477 1373 isti
508 1334 647 1373 dieunt
676 1334 882 1384 maleuoli,
913 1333 1092 1373 homines
1123 1333 1273 1373 nobiles

135 1394 240 1432 hunc
271 1393 451 1432 adiutare
482 1393 718 1443 assidueque
749 1406 831 1431 una
862 1393 1045 1444 scribere,

137 1452 245 1503 quod
275 1453 335 1490 illi
365 1452 622 1491 maledictum
652 1452 864 1491 uehemens
895 1464 977 1490 esse
1009 1452 1266 1490 existumant:

138 1524 225 1550 eam
254 1511 413 1549 laudem
443 1511 506 1549 hic
537 1511 647 1550 ducit
676 1523 920 1561 maxumam,
952 1523 1072 1560 quom
1103 1511 1183 1548 illis
1214 1511 1346 1560 placet

138 1570 208 1621 qui
237 1569 353 1608 uobis
382 1569 582 1609 uniuorsis
614 1572 654 1608 et
683 1570 832 1620 populo
863 1570 1039 1619 placent,

139 1641 308 1680 quorum
340 1641 460 1678 opera
489 1628 531 1667 in
561 1629 682 1679 bello,
715 1629 756 1667 in
787 1629 888 1678 otio,
919 1628 960 1666 in
991 1628 1150 1678 negotio

138 1700 209 1727 suo
241 1687 410 1738 quisque
441 1690 618 1737 tempore
650 1690 767 1726 usust
797 1688 881 1726 sine
913 1687 1108 1737 superbia.

80 1782 240 1821 uidetur
275 1783 410 1820 autem
446 1782 577 1820 leuius
615 1793 655 1820 se
692 1781 931 1831 defendisse,
968 1781 1065 1830 quia
1099 1780 1248 1820 sciebat
1278 1780 1413 1819 Laelio

58 1843 121 1890 ‚et
145 1840 320 1892 Scipioni
351 1853 429 1880 non
459 1841 662 1892 ingratam
686 1852 770 1879 esse
793 1840 895 1878 hanc
921 1840 1158 1889 opinionem.
1200 1851 1302 1889 quae
1327 1841 1415 1877 tum

79 1900 207 1951 magis
244 1902 285 1939 et
319 1911 446 1950 usque
484 1900 535 1938 ad
564 1899 785 1950 posteriora
816 1901 996 1948 tempora
1026 1899 1170 1937 ualuit.
1228 1897 1268 1937 C.
1293 1897 1414 1936 Mem-

79 1959 183 1998 mius
213 1959 255 1997 in
286 1959 465 1997 oratione
495 1971 567 2008 pro
600 1970 640 1997 se
667 1954 722 1996 (Ρ.
745 1954 972 1996 Africanus'
1004 1957 1138 2007 inquit
1165 1952 1204 1994 ‘a
1230 1956 1414 1994 Terentio

79 2029 286 2068 personam
311 2019 532 2067 mutuatus,
564 2030 665 2067 quae
691 2017 797 2055 domi
822 2017 974 2055 luserat
997 2017 1093 2066 ipse,
1125 2015 1281 2054 nomine
1307 2015 1414 2052 illius

79 2078 121 2115 in
157 2088 340 2115 scaenam
377 2073 547 2115 detulit'.
609 2076 742 2126 Nepos
779 2077 940 2114 auctore
972 2077 1077 2113 certo
1109 2073 1343 2123 comperisse
1375 2085 1414 2111 se

80 2135 139 2173 ait
175 2134 215 2174 C.
240 2134 421 2174 Laelium
465 2134 666 2185 quondam
708 2135 750 2173 in
785 2134 1006 2172 Puteolano
1046 2132 1224 2171 kalendis
1261 2131 1414 2170 martiis

79 2194 327 2233 admonitum
363 2193 412 2232 ab
450 2205 589 2244 uxore,
627 2193 844 2243 temperius
874 2194 922 2230 ut
953 2191 1231 2240 discumberet,
1269 2190 1413 2240 petisse

80 2252 129 2292 ab
173 2264 219 2292 ea
262 2265 310 2291 ne
354 2264 394 2290 se
438 2252 728 2302 interpellaret,
779 2263 942 2300 seroque
991 2250 1152 2288 tandem
1195 2250 1413 2299 ingressum
