1590 2410
164 376 406 420 METRA
449 375 670 419 HVIVS
715 375 1044 418 FABVLAE
1090 372 1280 418 HAEC
1323 373 1503 418 SVNT

338 550 382 587 V.
463 555 481 585 1
510 551 558 586 ad
586 554 653 584 152
679 549 833 584 iambici
860 548 997 584 senarii

350 624 365 631 -
416 607 482 638 153
509 606 547 638 et
573 606 641 637 154
661 621 704 631 =
728 606 793 636 156
821 604 858 637 et
884 606 950 636 157
976 600 1156 636 trochaici
1184 601 1364 636 octonarii

417 661 483 692 155
504 674 548 686 =
571 660 637 690 158
663 655 843 690 trochaici
870 654 1072 699 septenarii

416 713 482 744 159
508 707 718 744 trochaicus
745 708 977 753 septenarius

415 766 484 797 160
510 762 559 796 ad
586 765 651 796 162
678 760 830 795 iambici
857 759 1039 795 octonarii

510 818 576 849 163
603 813 785 848 iambicus
812 812 1071 858 quaternarius

416 872 484 902 164
510 867 559 902 ad
586 871 652 902 176
679 865 833 901 iambici
859 865 1041 901 octonarii

351 941 367 948 -
417 924 483 955 177
511 928 549 956 et
576 923 642 955 178
668 919 822 955 iambici
849 918 1051 964 septenarii

351 993 367 1000 -
418 977 483 1007 179
506 991 549 1002 =
572 976 639 1008 184
664 971 818 1007 iambici
845 971 1026 1007 octonarii

351 1046 367 1054 ·
418 1029 484 1060 180
503 1043 548 1056 =
569 1029 636 1060 185
662 1024 845 1060 trochaici
871 1023 1073 1069 septenarii

351 1099 368 1107 -
417 1082 482 1114 181
506 1097 549 1108 =
571 1081 637 1112 186
664 1077 818 1112 iambici
844 1077 1027 1112 octonarii

513 1135 579 1167 183
605 1130 787 1166 iambicus
813 1130 1073 1174 quaternarius

351 1205 367 1212 -
418 1188 484 1220 187
511 1186 549 1220 et
575 1187 641 1218 188
667 1183 849 1218 trochaici
876 1183 1058 1217 octonarii

351 1259 368 1266 -
418 1242 485 1273 189
512 1239 550 1273 et
577 1241 642 1272 190
668 1236 851 1272 trochaici
881 1235 1083 1281 septenarii

513 1294 578 1325 191
606 1289 789 1324 iambicus
815 1288 1074 1333 quaternarius

419 1347 485 1379 192
512 1344 561 1379 ad
587 1347 655 1378 194
679 1341 833 1377 iambici
859 1340 1041 1376 octonarii

420 1401 487 1432 195
514 1397 562 1432 ad
588 1400 655 1431 215
682 1394 864 1431 trochaici
890 1392 1093 1438 septenarii

418 1453 485 1484 216
513 1449 562 1484 ad
588 1452 655 1483 230
681 1447 836 1483 iambici
862 1446 999 1482 senarii

418 1506 485 1538 231
513 1503 562 1537 ad
589 1506 654 1536 251
682 1500 835 1536 iambici
862 1497 1044 1535 octonarii

419 1560 486 1591 252
514 1558 552 1591 et
578 1559 646 1590 253
672 1553 855 1589 trochaici
882 1549 1085 1599 septenarii

419 1613 488 1644 254
515 1609 564 1644 ad
590 1612 658 1642 314
683 1606 837 1642 iambici
863 1605 1000 1641 senarii

419 1666 488 1697 315
516 1662 564 1697 ad
590 1665 657 1695 347
684 1659 865 1695 trochaici
893 1656 1094 1703 septenarii

419 1719 487 1751 348
514 1715 563 1750 ad
588 1718 657 1748 464
683 1712 837 1748 iambici
864 1711 1001 1748 senarii

355 1789 372 1796 -
395 1772 488 1860 {465
516 1771 553 1804 et
579 1771 646 1802 466
670 1786 711 1796 =
732 1770 799 1801 467
827 1767 865 1801 et
890 1769 958 1799 468
985 1761 1166 1798 trochaici
1192 1760 1376 1797 octonarii

421 1825 488 1856 469
516 1823 554 1856 et
578 1824 647 1855 470
674 1818 856 1855 trochaici
882 1815 1085 1862 septenarii

357 1895 372 1901 -
421 1878 488 1909 471
516 1874 565 1909 ad
591 1877 658 1908 478
685 1871 838 1908 iambici
864 1869 1047 1906 octonarii

356 1948 372 1955 -
420 1931 489 1962 479
517 1928 566 1962 ad
591 1930 660 1961 484
685 1924 867 1961 trochaici
894 1921 1096 1969 septenarii

516 1984 585 2015 485
610 1979 822 2014 trochaicus
847 1976 1015 2013 binarius
1042 1973 1282 2010 catalecticus

358 2055 373 2061 -
422 2036 491 2068 486
512 2051 556 2063 =
577 2037 643 2067 492
671 2031 824 2067 iambici
851 2029 1035 2066 octonarii

359 2107 374 2113 -
422 2089 490 2121 487
519 2086 567 2120 ad
591 2089 659 2120 489
681 2103 723 2114 =
745 2088 813 2118 493
840 2083 889 2118 ad
913 2086 982 2117 495
1008 2079 1190 2116 trochaici
1217 2078 1418 2125 septenarii

360 2160 374 2166 —
424 2143 491 2174 490
517 2138 699 2174 iambicus
726 2136 892 2173 senarius

361 2214 375 2220 -
424 2195 490 2226 491
514 2210 556 2221 =
578 2195 645 2226 496
672 2189 825 2226 iambici
851 2186 1034 2224 octonarii

361 2267 376 2273 -
425 2247 492 2279 497
519 2244 568 2279 ad
595 2247 660 2278 501
688 2241 869 2279 trochaici
895 2238 1097 2286 septenarii

362 2320 376 2325 -
427 2299 493 2333 502
521 2299 558 2332 et
585 2300 652 2331 503
678 2295 831 2331 iambici
857 2292 1039 2329 octonarii
