1590 2410
145 25 231 66 304
691 23 946 59 ADELPHOE
1247 24 1280 59 v
1300 27 1333 68 9,
1353 27 1492 58 21--40

146 131 228 174 SY.
247 131 308 173 D1‘
323 132 416 188 tibi,
435 131 606 186 Demea,
627 132 770 173 omnia
791 145 937 173 omnes
954 133 1120 186 semper
1135 133 1283 185 optata
1296 130 1493 172 offerant!

145 190 223 232 Ml.
250 189 366 246 Sy'Te,
392 190 639 245 processisti
659 190 784 232 hodie
804 190 958 245 pulcre.
997 189 1088 232 DE.
1116 188 1333 244 Siquidem
1353 203 1494 244 porto,

854 248 981 290 Msoio

146 311 192 350 tii
219 311 342 350 tuom
369 308 556 350 officium
583 307 725 362 facies,
751 310 879 362 atque
898 283 1000 349 huic⁷
1017 307 1180 362 aliquid
1198 306 1373 362 paulum
1393 307 1494 362 prae

852 381 981 407 manu
1425 377 1492 408 980

147 425 322 481 dederis,
352 425 462 466 unde
487 425 651 466 utatur:
683 424 828 465 reddet
852 423 938 466 ti'bi
963 425 1059 466 cito.
1101 424 1178 467 ML
1210 423 1326 466 Istoc
1351 424 1493 481 uilius.

95 498 127 522 25
147 484 236 526 ΑΕ.
250 483 383 539 Frugi
394 484 577 525 homost.
600 481 681 524 SY.
696 483 886 524 Reddam
895 483 1048 539 hercle,
1061 484 1113 525 da
1124 484 1262 525 modo.
1283 483 1373 525 ΑΕ.
1388 484 1494 539 Age,

855 544 992 596 pater!
1033 542 1111 584 ΜΙ.
1138 542 1242 584 Post
1262 542 1494 584 consulam.

147 600 237 643 DE.
283 600 436 643 Faciet.
507 599 588 642 SY.
634 598 669 642 Ο
707 600 774 641 uir
813 602 1003 655 optume!
1067 601 1158 642 ΑΕ.
1203 600 1238 643 Ο
1276 602 1398 656 pater
1434 601 1493 642 mi

854 659 1163 702 festiujssume!
1195 685 1251 690 —

147 719 226 761 Ml.
241 718 350 768 Quid
363 719 502 760 istuc?
524 732 631 772 quae
644 732 712 759 res
726 719 815 759 tam
828 721 1002 773 repente
1014 720 1154 760 mores
1168 718 1354 760 mutauit
1366 718 1492 760 tuos?

149 778 262 833 quod
271 777 517 833 prolubium
526 777 546 818 ἵ)
563 778 670 832 quae
680 777 812 818 istaec
822 777 1008 819 subitast
1018 778 1196 833 largitas
1204 778 1226 819 ‘?
1241 777 1333 819 DE.
1344 776 1493 819 Dicam

854 836 954 878 tibi:
1425 847 1492 879 985

148 898 197 936 111:
215 895 259 936 id
279 894 559 950 ostenderem,
579 894 693 949 quod
713 897 755 936 te
775 895 850 936 isti
868 895 1036 937 facilem
1056 897 1098 936 et
1111 895 1314 937 festiuom
1328 897 1495 949 putant,

98 967 130 991 30
149 954 192 994 sd
221 968 310 996 non
334 954 427 995 fieri
453 968 504 995 ex
533 955 632 995 uera
657 954 748 994 uita
771 955 909 1008 neque
935 954 1037 996 adeo
1064 969 1115 996 ex
1140 968 1274 1009 aequo
1301 955 1343 995 et
1367 953 1494 1009 bono,

150 1012 222 1054 sed
253 1028 304 1054 ex
335 1012 595 1054 adsentando
627 1011 887 1068 indulgendo
919 1016 961 1054 et
991 1012 1230 1068 largiendo,
1260 1012 1399 1055 Micio.

148 1074 261 1113 mine
280 1071 382 1113 adeo
404 1071 440 1113 si
459 1071 512 1112 ob
531 1073 624 1113 eam
641 1086 730 1112 rem
746 1071 871 1113 uobis
887 1073 982 1113 mea
997 1072 1088 1113 uita
1103 1071 1254 1126 inuisa,
1272 1070 1495 1127 Aeschine,

855 1133 919 1172 est

151 1188 250 1244 quia
259 1203 347 1230 non
356 1188 472 1230 iusta
483 1189 645 1230 iniusta
655 1203 830 1243 prorsus
843 1165 985 1231 omnia
996 1189 1170 1231 omnino
1182 1189 1407 1245 obsequor,
1425 1200 1493 1231 990

150 1246 325 1289 missam
350 1247 478 1290 facio:
511 1248 735 1303 ecflindjte,
761 1248 901 1304 emite,
924 1248 1050 1290 facite
1076 1247 1190 1303 quod
1213 1247 1338 1290 uobis
1362 1247 1493 1289 lubet.

101 1322 132 1346 35
153 1306 224 1348 sed
256 1307 292 1348 si
316 1306 360 1348 id
384 1307 516 1348 uoltis
540 1307 699 1362 potius,
730 1321 838 1362 quae
862 1321 940 1349 uos
964 1309 1140 1362 propter
1165 1306 1494 1348 adulescentiam

150 1364 291 1407 minus
320 1365 490 1421 uidetis,
519 1366 657 1421 magis
682 1366 858 1421 inpense
884 1366 1054 1422 cupitis,
1083 1364 1307 1407 consulitis
1332 1380 1495 1421 parum,

149 1424 254 1466 haec
271 1424 576 1480 reprehendere
595 1426 637 1466 et
654 1425 866 1480 corrigere
878 1439 1008 1480 quem,
1027 1424 1312 1466 obsecundare
1325 1424 1371 1466 sn
1382 1425 1494 1466 loco:

151 1484 242 1525 ecce
279 1497 346 1525 1118
385 1484 458 1538 qui
487 1483 531 1524 id
561 1483 713 1526 faciam
750 1484 886 1526 uobis.
947 1483 1037 1525 AE.
1075 1481 1194 1540 Tibi,
1228 1486 1368 1540 pater,
1402 1498 1495 1538 per-

857 1542 1088 1584 mittimus:
1426 1554 1493 1585 995

150 1601 247 1656 plus
286 1601 366 1642 scis
405 1601 518 1660 quod
556 1616 662 1656 opus
694 1602 862 1643 factost.
913 1601 1065 1702 sedee
1095 1601 1227 1644 fratre
1259 1601 1361 1657 quid
1391 1601 1494 1643 fiet?

856 1660 947 1702 DE.
1023 1661 1112 1702 ino:

104 1736 133 1758 ιο
150 1717 324 1774 ‘habeat5
343 1719 389 1760 in
407 1718 515 1761 istac
533 1719 665 1761 fi'nem
684 1720 822 1761 faeiat.
860 1718 938 1761 ΜΙ.
958 1708 1076 1761 istuc
1094 1722 1216 1761 recte.
1249 1717 1367 1761 CAN
1369 1718 1493 1761 TOR.

856 1777 1062 1820 Plaudite.

248 1909 315 1940 978
342 1917 467 1940 01111188
494 1917 639 1951 semper
664 1905 789 1940 omnia
813 1908 824 1951 H
851 1909 916 1940 991
943 1905 1057 1940 missa
1077 1909 1089 1951 [Ι
1108 1909 1176 1941 994
1201 1905 1318 1952 quem]
1344 1916 1402 1940 me
1429 1907 1466 1940 et
1483 1904 1496 1950 ἷΙ

155 1955 220 1986 996
249 1952 318 1987 scis
345 1953 460 2000 quod]
487 1953 558 1988 scis
585 1952 675 1998 quid
705 1957 716 1997 Η
