1513 2350
525 411 726 455 PRAE
739 413 958 457 FATIO.

193 591 465 643 Quadraginta
496 592 588 630 anni
619 591 816 630 interiecti
841 595 934 630 sunt
958 593 1062 631 inter
1085 594 1254 643 priorem
1280 608 1408 634 meam

76 651 340 690 recensionem
369 651 661 690 comoediarum
686 651 728 690 P.
742 651 902 689 Terenti
927 651 1016 689 Afri
1042 655 1081 690 et
1105 653 1204 692 hanc
1230 654 1408 693 alteram.

77 722 179 760 quae
203 723 274 760 per
296 710 370 748 hoc
395 709 501 760 quod
526 709 606 748 dixi
631 710 820 759 temporis
847 710 1021 759 spatium
1048 711 1097 749 ad
1123 712 1408 751 emendandum

78 781 213 807 earum
247 771 404 808 textum
439 771 511 807 aut
546 781 570 806 a
606 781 668 807 me
706 769 790 818 ipso
829 769 1012 807 inventae
1050 773 1120 808 aut
1157 771 1206 808 ab
1243 771 1333 809 aliis
1368 772 1408 810 in

77 827 206 866 lucem
233 828 398 867 emissae
424 830 518 866 sunt
542 827 802 878 coniecturae,
829 830 1025 877 quatenus
1049 829 1122 867 hae
1150 830 1198 867 ad
1224 830 1408 869 notitiam

77 899 205 925 meam
234 889 511 937 pervenerunt,
543 889 642 936 quot
672 899 784 925 veras
815 887 971 938 agnovi,
1003 890 1064 926 tot
1094 888 1134 926 in
1166 891 1319 927 textum
1350 903 1408 928 re-

78 945 164 995 cepi
206 945 430 984 nominibus
473 948 682 984 auctorum
725 946 895 996 omissis,
940 946 1006 984 sed
1043 947 1100 984 ita
1137 949 1184 985 ut
1220 948 1408 987 lectiones

78 1004 256 1043 codicum
286 1005 646 1054 manuscriptorum
671 1005 776 1042 infra
801 1006 954 1042 textum
979 1005 1205 1057 sufficerem,
1238 1007 1409 1056 exceptis

78 1063 134 1102 eis
158 1063 267 1114 locis,
292 1063 363 1102 ubi
386 1066 520 1102 textus
545 1063 662 1102 lectio
689 1063 738 1101 ab
762 1075 842 1101 uno
868 1076 913 1102 ex
933 1064 1130 1103 veteribus
1151 1065 1408 1114 scriptoribus

77 1124 150 1161 aut
187 1122 457 1173 grammaticis
493 1121 725 1161 confirmata
763 1124 864 1172 erat,
909 1122 949 1160 id
987 1123 1093 1172 quod
1130 1137 1176 1162 ex
1211 1124 1406 1163 Francisci

76 1180 379 1231 Vmpfenbachii
415 1181 586 1220 editione
618 1176 813 1233 (Berolini
841 1175 973 1231 1870)
1008 1182 1124 1220 facile
1158 1183 1406 1233 perspicitur.

76 1239 147 1278 ubi
193 1240 387 1279 vocabula
433 1240 474 1278 in
523 1240 634 1278 libris
682 1240 826 1278 omissa
875 1240 1077 1291 supplevi,
1125 1241 1221 1280 haec
1264 1242 1408 1280 litteris

77 1300 240 1338 cursivis
271 1311 372 1350 quae
402 1301 597 1338 vocantur
625 1299 823 1349 insignivi.

192 1357 239 1396 In
281 1358 503 1409 digerendis
545 1357 709 1396 canticis
753 1357 998 1408 summatim,
1043 1370 1122 1407 qua
1165 1358 1212 1396 de
1249 1372 1291 1397 re
1328 1359 1408 1397 iam

77 1429 110 1456 a.
140 1418 249 1456 1876
288 1417 329 1455 in
367 1416 577 1455 annalibus
612 1416 865 1467 philologieis
900 1417 985 1455 eius
1018 1417 1111 1454 anni
1141 1430 1178 1466 p.
1207 1418 1289 1457 538
1323 1430 1406 1456 sen-

76 1475 243 1514 tentiam
274 1488 402 1514 meam
432 1476 587 1525 aperui,
623 1477 781 1514 secutus
813 1487 901 1513 sum
933 1487 1020 1514 eam
1050 1476 1255 1524 rationem,
1288 1489 1408 1526 quam

77 1533 241 1573 Carolus
267 1534 504 1573 Conradtius
535 1535 744 1584 proposuit
776 1534 817 1571 in
849 1547 893 1573 eo
926 1534 1025 1572 libro
1058 1548 1176 1584 quem
1207 1536 1409 1585 mscripsit

76 1589 160 1632 ‘die
208 1593 416 1632 metrische
465 1592 725 1642 composition
773 1593 842 1631 der
884 1593 1087 1632 comodien
1130 1593 1197 1632 des
1241 1590 1407 1632 Terenz’

76 1647 272 1704 (Berolini
306 1647 457 1703 1876),
494 1654 773 1701 praeterquam
813 1652 918 1702 quod
957 1652 1125 1702 singulis
1156 1652 1252 1691 locis
1283 1653 1331 1690 ab
1363 1666 1407 1692 eo

75 1711 252 1759 discessi,
290 1711 337 1750 de
375 1710 520 1762 quibus
556 1710 752 1749 rationem
788 1710 959 1749 reddunt
995 1711 1143 1749 indices
1181 1712 1408 1762 metrorum,

75 1782 175 1819 quos
206 1742 374 1821 singulis
404 1769 550 1808 fabulis
582 1768 740 1808 subieci.

193 1828 476 1868 Suetonianam
491 1828 649 1867 Terenti
668 1828 792 1867 vitam
812 1827 901 1866 dedi
921 1840 967 1866 ex
986 1814 1207 1866 recensione
1221 1828 1409 1866 Friderici

75 1887 297 1926 Ritschelii:
327 1887 418 1926 vide
449 1887 534 1926 eius
566 1887 758 1936 opuscula
782 1886 1025 1937 philologica
1053 1885 1207 1926 v01.111
1233 1884 1407 1939 (Lipsiae

78 1941 210 1999 1877)
240 1960 276 1996 p.
301 1947 542 1986 204—214.

190 2028 345 2067 Dabam
376 2028 549 2066 Dresdae
581 2027 712 2065 idibus
744 2026 1040 2076 Septembribus

381 2087 475 2126 anni
505 2084 840 2125 MDCCCXCVII.
