1559 2396
79 20 128 56 rv
148 26 180 65 4,
202 24 315 56 7—38
651 22 842 57 HECYRA
1327 20 1417 67 245

32 148 45 161 ·
79 126 163 169 LA.
202 126 282 169 Dic
313 127 430 169 fih'ae
462 142 535 169 rus
568 130 859 170 concessuram
892 130 988 171 hinc
1020 128 1274 172 Sostratam:

76 200 128 227 ne
141 187 399 242 reuereatur,
418 186 558 228 minus
574 188 655 228 iam
672 202 753 241 quo
770 188 911 229 redeat
924 188 1103 229 domum.
1132 187 1217 230 ΡΗ.
1233 188 1318 231 Ah:
1345 199 1415 232 630

76 244 235 286 nullam
267 244 317 286 de
348 244 415 286 his
447 245 572 287 rebus
605 246 769 300 eulpam
804 246 1052 288 commeruit
1083 251 1171 288 tua:

25 317 56 341 10
76 317 100 344 a
130 302 320 359 My'rrina
351 303 452 345 haec
485 308 584 345 sunt
615 306 706 346 mea
739 319 868 346 uxore
900 308 1047 347 exorta
1079 306 1235 347 onmia:

77 360 171 403 PA.
212 361 396 404 Mutatio
429 362 488 403 fit.
553 362 647 404 PH.
690 365 736 404 ea
768 378 844 404 nos
877 364 1116 418 perturbat,
1148 363 1316 406 Laches.

75 418 160 462 PA.
202 419 315 462 Dum
347 435 399 462 ne
431 421 671 476 redducam,
702 422 875 463 turbent
907 437 1032 476 porro
1066 437 1191 477 quam
1225 423 1368 465 uelint.

74 477 160 520 PH.
192 478 301 534 Ego,
334 478 564 534 Pamphile,
595 494 685 521 esse
711 481 821 521 inter
846 495 936 536 nos,
968 481 1002 522 si
1029 480 1124 522 fieri
1146 485 1299 537 potest,
1344 493 1410 524 635

74 535 339 578 adfinitatem
371 537 479 580 hanc
511 553 610 580 sane
642 541 837 593 perpetu
819 554 885 579 un
917 539 1033 593 uolo;

24 609 54 635 ιε
74 596 141 637 sin
171 597 236 638 est
267 600 315 638 ut
347 596 469 638 aliter
501 597 547 638 de
577 598 653 639 hdo
682 600 755 638 tua
788 598 844 638 sit
876 598 1101 653 sententia,

73 653 253 709 acclpias
285 668 473 709 puerum.
535 655 618 696 PA.
659 653 800 697 sensit
832 657 1059 710 peperisse:
1091 633 1233 698 'occidi

74 712 158 754 LA.
198 712 410 754 Puerum?
468 728 590 768 quem
629 715 834 768 puerum?
896 714 980 755 PH.
1021 713 1159 756 Natus
1192 718 1255 756 est
1287 715 1410 757 nobis

916 787 1063 827 nepos:

71 844 171 871 nam
202 830 384 872 abducta
415 845 439 872 a
470 831 592 872 uobis
625 833 830 886 praegnas
863 832 1000 872 fuerat
1030 831 1141 887 filia,
1343 844 1410 875 640

74 903 208 943 neque
233 888 364 930 fuisse
390 893 661 945 praegnatem
687 893 887 944 umquam
915 893 1010 931 ante
1032 890 1144 931 hunc
1164 889 1271 932 sciui
1288 891 1407 932 diem.

22 961 55 984 20
75 946 160 988 LA.
202 946 333 1002 Bene,
364 948 425 989 ita
455 963 521 989 me
553 948 594 989 di
627 952 784 1002 ament,
814 949 1004 1003 nuntias,
1035 952 1076 990 et
1108 949 1268 1004 gaudeo

73 1010 222 1047 natum
253 1005 380 1047 illum
412 1009 454 1048 et
485 1006 565 1048 tibi
597 1006 715 1047 illam
747 1007 917 1048 saluam.
981 1007 1051 1048 sed
1089 1007 1189 1061 quid
1220 1008 1408 1049 mulieris

73 1065 247 1106 uxorem
279 1064 408 1106 habes
441 1068 515 1106 aut
546 1064 703 1119 quibus
735 1069 942 1106 moratam
974 1066 1180 1107 moribus!

73 1137 204 1164 nosne
235 1122 316 1165 hoc
346 1123 503 1165 celatos
535 1125 624 1165 tam
655 1123 743 1164 diu!
804 1125 965 1178 nequeo
999 1125 1120 1179 satis,
1342 1136 1408 1167 645

74 1196 200 1236 quam
230 1180 312 1223 hoc
342 1181 449 1222 mshi
483 1182 649 1223 uidetur
680 1182 837 1223 factum
870 1197 1010 1236 praue,
1043 1183 1248 1237 proloqui.

22 1253 54 1278 2⁵
72 1239 159 1281 PH.
203 1238 303 1282 Non
340 1240 421 1281 t1bi
458 1241 566 1281 illud
603 1240 761 1281 factum
793 1241 931 1281 minus
963 1241 1098 1294 placet
1133 1255 1258 1295 quam
1289 1240 1409 1296 mihi,

917 1298 1085 1340 Laches.

74 1356 156 1398 PA.
198 1356 345 1398 Etiam
378 1358 414 1398 si
446 1357 602 1398 dudum
633 1357 771 1398 fiierat
803 1357 1045 1412 ambiguom
1076 1357 1156 1399 hoc
1187 1358 1309 1413 mihi,

74 1429 185 1456 nunc
214 1417 302 1457 non
332 1419 415 1471 est,
447 1430 575 1470 quom
606 1430 696 1457 eam
729 1416 920 1470 sequitur
950 1416 1110 1457 alienus
1142 1431 1254 1470 puer.

76 1473 159 1515 LA.
200 1472 374 1516 Nullast
404 1474 503 1530 tibi,
534 1473 770 1530 Pamphile,
802 1474 869 1515 hic
900 1475 983 1515 iam
1015 1475 1288 1516 consultatio:
1341 1487 1408 1518 650

75 1532 157 1574 ΡΑ
194 1531 316 1574 Perii.
379 1532 464 1574 LA.
502 1533 614 1574 hunc
646 1533 787 1574 uidere
820 1535 941 1587 saepe
973 1533 1224 1587 optabamus
1256 1527 1382 1589 diem,

23 1605 57 1630 so
77 1605 205 1646 quom
236 1605 286 1633 ex
318 1594 360 1632 te
392 1593 503 1633 esset
535 1592 700 1646 aliquis,
732 1591 810 1646 qui
835 1594 877 1632 te
909 1591 1140 1645 appellaret
1171 1595 1349 1645 patrem:

73 1650 231 1692 euenit.
261 1650 396 1692 habeo
429 1651 610 1706 gratiam
641 1650 714 1691 dis.
776 1649 859 1691 PA.
898 1648 1053 1690 Nullus
1086 1664 1190 1691 sum.

73 1708 157 1750 LA.
199 1708 351 1750 reddiic
383 1723 555 1750 uxorem
588 1722 634 1749 ac
664 1709 750 1749 noli
785 1706 1005 1750 aduorsari
1032 1708 1146 1749 mihi.

74 1766 157 1808 PA.
197 1765 341 1822 Pater,
372 1767 409 1808 si
440 1767 514 1808 illa
545 1781 594 1808 ex
626 1781 691 1807 me
723 1767 880 1808 liberos
912 1767 1039 1807 uellet
1071 1767 1152 1807 sibi
1341 1778 1407 1809 655

74 1829 147 1867 aut
178 1827 268 1867 sese
298 1840 461 1867 mecum
492 1828 688 1881 nuptam,
719 1825 823 1866 satis
855 1827 968 1866 certo
1002 1825 1107 1880 scio,

20 1898 53 1922 ³5
72 1898 159 1926 non
189 1883 296 1926 clam
327 1899 392 1926 me
423 1884 598 1926 haberet
629 1883 741 1938 quod
772 1883 926 1924 celasse
958 1883 1169 1938 intellego.

73 1956 184 1984 nunc
216 1957 343 1997 quom
376 1943 466 1984 eius
498 1942 680 1984 alienum
713 1942 898 1983 animum
931 1955 1021 1983 esse
1053 1957 1077 1983 a
1106 1955 1172 1982 me
1204 1942 1383 1983 sentiam

73 2015 208 2055 neque
237 2002 544 2043 conuenturum
575 2000 686 2042 inte‘r
716 2015 795 2042 nos
826 1999 1004 2054 posthac
1035 1999 1232 2055 arbitrer,

73 2073 200 2114 quam
230 2059 284 2101 ob
315 2061 405 2101 rem
435 2059 685 2101 redducam?
733 2058 817 2100 LA.
851 2058 987 2099 Mater
1019 2058 1130 2112 quod
1162 2057 1296 2099 suasit
1322 2073 1408 2112 sua,

167 2202 234 2233 649
248 2197 486 2242 consequitur
503 2199 515 2242 11
535 2201 602 2232 650
615 2196 719 2231 nulla
739 2202 749 2241 Η
769 2195 1030 2231 consultatiost
1041 2196 1054 2242 Η
1067 2199 1134 2231 658
1150 2207 1228 2231 esse
1243 2195 1405 2230 animum

73 2257 93 2280 a
120 2255 178 2280 me
203 2247 240 2289 (a
263 2255 322 2280 me
347 2255 426 2280 esse
452 2244 629 2288 animum)
654 2247 665 2287 ΙΙ
