1570 2390
115 47 171 88 74
489 41 693 79 HAVTON
717 36 1073 76 TIMORVMENOS
1215 35 1269 70 111
1287 38 1320 80 2,
1340 37 1452 69 3—31

115 153 203 197 CH.
246 152 363 196 Num
393 153 461 194 me
490 150 645 194 fefellit
673 148 802 190 hosce
833 147 876 189 id
908 144 1100 187 struere?
1149 141 1346 185 uidelicet

115 213 188 255 isse
224 213 378 255 Ch'm‘ai
411 214 556 254 seruos
587 207 910 251 tardiusculust:
1391 209 1458 245 515

83 288 98 312 5
117 270 272 314 ideirco
303 268 404 311 huic
432 270 581 310 nostro
613 266 814 308 traditast
845 262 1075 319 prouincia.

119 329 200 373 ΞΥ.
245 328 348 378 Quis
379 327 449 369 hio
479 325 700 381 loquitur?
743 323 860 379 perii.
912 325 1116 364 numnam
1140 320 1243 362 haec
1268 315 1459 360 audiuit?

685 382 773 425 CH.
818 381 941 437 Syre!
1003 379 1084 422 ΞΥ.
1128 378 1228 420 Em!

121 447 207 490 CH.
247 446 357 496 Quid
382 448 431 487 tu
455 443 582 486 istic?
633 441 719 543 ΞΥὲ
752 441 883 483 Recte
909 439 1114 495 equidem.
1159 437 1232 480 sed
1256 439 1299 479 te
1319 435 1464 492 mir6r,

720 501 911 555 bremes,

121 569 210 607 tam
241 565 383 620 mane,
418 563 491 618 qui
521 562 615 604 heri
645 562 815 602 tantum
846 557 1017 600 biberis.
1080 554 1167 598 CH.
1212 553 1289 596 Nss
1324 552 1464 595 nimis.

123 623 205 667 ΞΥ.
250 622 356 664 ‘Nil’
387 621 565 664 narras?
614 620 751 661 uisast
782 619 902 674 uero⁷
933 616 1046 671 quod
1077 613 1162 656 dici
1190 613 1318 668 solet,
1397 621 1464 652 520

71 700 103 725 20
123 682 289 738 aquilae
327 684 530 724 senectus.
599 678 687 721 CH.
731 677 855 719 Heia!
918 674 1000 717 ΞΥ.
1044 673 1199 715 Mulier
1236 669 1468 723 commoda,

122 743 260 784 faceta
288 740 393 782 haec
422 738 635 781 meretrix,
698 735 786 779 CH.
825 733 934 777 Sane
965 733 1114 775 itidem
1145 731 1282 772 uisast
1311 728 1428 771 mihi.

125 799 208 843 SY.
241 798 300 840 Et
331 797 520 852 quidem,
552 811 638 850 ere,
668 794 807 835 forma
836 791 1063 833 luculenta.
1112 788 1200 832 CH.
1239 787 1322 844 Sic,
1353 787 1456 829 satis

125 858 209 902 ΞΥ.
245 857 314 899 Ita
342 857 432 898 non
460 859 509 896 ut
542 855 662 909 olim,
695 853 767 895 sed
797 852 863 893 uti
893 865 1023 906 nuno,
1055 850 1156 892 sane
1186 848 1316 891 bona:

125 917 397 970 minumeque
429 915 580 969 miror,
611 911 751 955 Ch'm'a
781 911 891 952 hane
923 910 959 951 si
990 909 1163 963 deperit.
1402 917 1468 947 525

74 992 107 1019 15
127 976 200 1018 sed
217 975 348 1016 habet
368 976 533 1029 patrem
553 971 762 1027 quendam
782 970 954 1011 auidum
973 968 1126 1010 misere
1147 969 1275 1021 atque
1294 964 1472 1019 aridum,

127 1034 316 1077 uicinum
345 1033 476 1075 hunc:
507 1030 682 1073 nostin?
731 1031 776 1071 at
808 1028 930 1083 quasi
960 1028 997 1069 is
1027 1041 1117 1068 non
1147 1024 1264 1067 ditiis

128 1093 333 1149 abundet,
364 1094 519 1147 gnatus
552 1089 643 1133 eius
675 1088 866 1143 profugit
892 1086 1047 1140 inopia.

129 1154 210 1195 scis
242 1154 333 1194 esse
364 1152 524 1192 factum
556 1151 606 1191 ut
636 1147 757 1189 di'co‘?
814 1145 902 1188 CH.
946 1144 1056 1194 Quid
1086 1157 1166 1199 ego
1196 1142 1247 1185 m'
1275 1142 1434 1184 sciam?

127 1212 344 1254 hominem
376 1209 558 1264 pistrino
591 1206 784 1263 dignum!
846 1203 928 1246 SY.
973 1203 1134 1253 Quem?
1196 1200 1285 1244 CH.
1327 1200 1472 1242 Istunc

695 1264 910 1307 seruolum
1405 1270 1472 1302 530

77 1347 110 1372 20
130 1330 222 1372 dieo
255 1326 549 1382 adulescentis,
611 1323 692 1367 ΞΥ.
724 1319 1280 1380 §imp-tibi-timniimale.

131 1387 218 1432 CH.
265 1388 339 1442 qui
370 1387 520 1441 passus
553 1386 619 1426 est
650 1383 693 1425 id
723 1382 830 1425 fieri.
887 1379 968 1423 ΞΥ.
1013 1379 1123 1429 Quid
1152 1377 1337 1421 faceret?
1385 1375 1472 1420 CH.

696 1441 870 1497 Rogas?

132 1505 294 1561 aliquid
323 1504 548 1559 reperiret,
577 1500 762 1557 fingeret
792 1499 1000 1553 fallacias,

132 1567 242 1608 unde
275 1567 387 1606 esset
418 1561 695 1615 adulescenti,
726 1559 883 1601 amicae
915 1557 1029 1613 qu6d
1056 1556 1194 1612 daret,

133 1628 262 1679 atque
291 1623 404 1665 hunc
435 1620 651 1663 difficilem
682 1617 869 1660 inuitum
899 1617 1090 1658 uersaret
1122 1629 1276 1657 senem.
1408 1624 1474 1655 535

81 1700 114 1726 25
135 1683 216 1726 ΞΥ.
262 1681 420 1724 Garris.
484 1678 572 1722 GH.
609 1678 726 1720 Haec
756 1678 867 1718 facta
898 1675 950 1717 ab
981 1674 1059 1717 fflo
1092 1673 1330 1729 oportebat,
1360 1669 1472 1726 Syre.

135 1741 217 1785 SY.
248 1741 344 1783 Eho
372 1741 529 1796 quaeso
549 1738 709 1792 laudas,
734 1735 811 1791 qui'
835 1749 929 1778 eros
948 1733 1132 1776 fallunt?
1176 1731 1263 1774 GH.
1295 1720 1347 1772 sn
1382 1730 1477 1772 loco

136 1815 214 1857 ego
245 1802 347 1842 uero
379 1799 515 1841 laudo.
579 1795 660 1838 ΞΥ.
703 1794 835 1837 Recte
866 1808 976 1836 sane.
1039 1787 1131 1834 CH?
1172 1788 1336 1845 Quippe
1369 1789 1442 1844 qui

135 1861 387 1916 magnarum
420 1871 544 1911 saepe
575 1855 619 1897 id
649 1853 882 1896 remedium
914 1850 1291 1907 aegritudinumst:

135 1919 200 1961 uel
230 1919 315 1960 iam
345 1916 445 1959 huso
476 1914 705 1957 mansisset
735 1912 884 1954 unicus
916 1913 1072 1966 gnatus
1103 1908 1228 1950 domi.
1411 1918 1479 1948 540

84 1995 117 2021 so
137 1977 219 2020 ΞΥ.
261 1976 393 2019 Iocon
425 1990 479 2017 an
510 1974 619 2016 serio
651 1971 726 2014 ssle
756 1970 860 2013 haee
890 1970 1002 2012 dicat
1030 1968 1193 2023 nescio,

135 2037 220 2079 m’si
251 2035 361 2078 mihi
392 2034 562 2089 quidem
594 2031 709 2074 addit
740 2030 948 2084 animum,
977 2041 1063 2083 quo
1093 2026 1240 2069 lubeat
1271 2025 1420 2082 magis.

232 2191 300 2223 515
325 2184 468 2222 Cliniae
486 2185 499 2230 11
518 2187 586 2219 518
612 2182 765 2218 Chreme
789 2183 802 2226 ΙΙ
827 2183 893 2215 521
921 2178 1114 2214 commoda
1138 2178 1177 2212 et
1200 2178 1212 2222 ΙΙ
1237 2180 1305 2211 522
1333 2174 1480 2220 itidem]

136 2236 237 2270 idem
260 2237 272 2280 u
297 2238 364 2268 523
392 2232 468 2279 ere]
499 2229 622 2265 hercle
646 2231 658 2275 ῃ
683 2232 751 2263 526
775 2227 951 2262 miserum
974 2227 987 2271 ΙΙ
1012 2228 1079 2259 527
1112 2222 1257 2259 diuitiis
1281 2224 1294 2270 u
1318 2226 1386 2257 529
1412 2232 1481 2267 ego

137 2281 302 2318 nesciam
325 2283 338 2326 u
362 2283 430 2316 535
458 2279 624 2314 seruaret
647 2278 659 2322 Η
684 2279 750 2310 541
777 2274 841 2309 ille
865 2273 976 2320 haec]
1000 2271 1112 2307 illaec
1128 2273 1141 2318 11
1492 2270 1499 2273 ”
